@ARTICLE{Tan2014Accurate, 
 author={Chun-Wei Tan and Kumar, A.}, 
 journal={IEEE Transactions on Image Processing}, 
 title={Accurate Iris Recognition at a Distance Using Stabilized Iris Encoding and Zernike Moments Phase Features}, 
 year={2014}, 
 volume={23}, 
 number={9}, 
 pages={3962-3974}}
 
 @ARTICLE{Cao2015Learning, 
 author={Kai Cao and Jain, A.K.}, 
 journal={IEEE Transactions on Information Forensics and Security}, 
 title={Learning Fingerprint Reconstruction: From Minutiae to Image}, 
 year={2015}, 
 volume={10}, 
 number={1}, 
 pages={104-117}}
 
 @ARTICLE{Yue2013Hashing, 
 author={Feng Yue and Bin Li and Ming Yu and Jiaqiang Wang}, 
 journal={IEEE Transactions on Information Forensics and Security}, 
 title={Hashing Based Fast Palmprint Identification for Large-Scale Databases}, 
 year={2013}, 
 volume={8}, 
 number={5}, 
 pages={769-778}}
 
 @article{Goh2010Bi-modal,
  title={Bi-modal palm print and knuckle print recognition system},
  author={Goh, Michael KO and Tee, Connie and Teoh, Andrew BJ},
  journal={Journal of IT in Asia},
  volume={3},
  pages={53--66},
  year={2010}
}

@INPROCEEDINGS{Bhaskar2014Hand, 
 author={Bhaskar, B. and Veluchamy, S.}, 
 booktitle={International Conference on Recent Trends in Information Technology (ICRTIT)}, 
 title={Hand based multibiometric authentication using local feature extraction}, 
 year={2014}, 
 pages={1-5}}
 
 @ARTICLE{Zhou2011Human, 
 author={Yingbo Zhou and Kumar, A.}, 
 journal={IEEE Transactions on Information Forensics and Security}, 
 title={Human Identification Using Palm-Vein Images}, 
 year={2011}, 
 volume={6}, 
 number={4}, 
 pages={1259-1274}}
 
 @ARTICLE{Kang2014Contactless, 
 author={Wenxiong Kang and Qiuxia Wu}, 
 journal={IEEE Transactions on Information Forensics and Security}, 
 title={Contactless Palm Vein Recognition Using a Mutual Foreground-Based Local Binary Pattern}, 
 year={2014}, 
 volume={9}, 
 number={11}, 
 pages={1974-1985}}
 
 @ARTICLE{Ribaric2005ABiometric, 
 author={Ribaric, S. and Fratric, I.}, 
 journal={IEEE Transactions on Pattern Analysis and Machine Intelligence}, 
 title={A biometric identification system based on eigenpalm and eigenfinger features}, 
 year={2005}, 
 volume={27}, 
 number={11}, 
 pages={1698-1709}}
 
 @ARTICLE{Pavesic2009Finger-based, 
 author={Pavesic, N. and Ribaric, S. and Grad, B.}, 
 journal={IET Signal Processing}, 
 title={Finger-based personal authentication: a comparison of feature-extraction methods based on principal component analysis, most discriminant features and regularised-direct linear discriminant analysis}, 
 year={2009}, 
 volume={3}, 
 number={4}, 
 pages={269-281}}
 
 @ARTICLE{Kanhangad2011AUnified, 
 author={Kanhangad, V. and Kumar, A. and Zhang, D.}, 
 journal={IEEE Transactions on Information Forensics and Security}, 
 title={A Unified Framework for Contactless Hand Verification}, 
 year={2011}, 
 volume={6}, 
 number={3}, 
 pages={1014-1027}}
 
 @ARTICLE{Kumar2012Human, 
 author={{A. Kumar and Y. Zhou}}, 
 journal={IEEE Transactions on Image Processing}, 
 title={Human Identification Using Finger Images}, 
 year={2012}, 
 volume={21}, 
 number={4}, 
 pages={2228-2244}}
 
 @book{matlab19932001Image,
 year = {2001},
 author = {MATLAB},
 title = {{Image Processing Toolbox, For Use with {M}ATLAB®, Computation, Visualization, Programming}. version 3},
 publisher = {The MathWorks Inc.},
 address = {Natick, MA}
 }

%@INPROCEEDINGS{matlab19932001Image, 
% author={The MathWorks Inc.}, 
% title={Image Processing Toolbox, For Use with {M}ATLAB®, Computation, Visualization, Programming}, 
% year={1993-2001}}

@INPROCEEDINGS{Jamil2008Noise, 
 author={Jamil, N. and Tengku Mohd Tengku Sembok and Bakar, Z.A.}, 
 booktitle={International Symposium on Information Technology, ITSim}, 
 title={Noise removal and enhancement of binary images using morphological operations}, 
 year={2008}, 
 volume={4}, 
 pages={1-6}}
 
 @techreport{hsu1993Extracting,
  title={Extracting Target Features from Angle-Angle and Range-{D}oppler Images},
  author={Hsu, Su M},
  year={1993},
  institution={DTIC Document}
}

@article{kekre2010Image,
  title={Image Retrieval with Shape Features Extracted using Morphological Operators with {BTC}},
  author={Kekre, Dr HB and Thepade, Sudeep and Mukherjee, Priyadarshini and Kakaiya, Miti and Wadhwa, Shobhit and Singh, Satyajit},
  journal={Image},
  volume={12},
  number={3},
  year={2010}
}

@article{goyal2011Morphological,
  title={Morphological Image Processing},
  author={Goyal, Megha},
  journal={IJCST},
  volume={2},
  number={4},
  year={2011},
  publisher={Citeseer}
}

@article{bai2010ANew,
  title={A new morphological approach for noise removal cum edge detection},
  author={Bai, M Rama and Krishna, V Venkata and SreeDevi, J},
  journal={Int. J. Comput. Sci. Issues (IJCSI)},
  volume={7},
  number={6},
  pages={187--190},
  year={2010},
  publisher={Citeseer}
}

@article{fogel1989Gabor,
  title={Gabor filters as texture discriminator},
  author={Fogel, Itzhak and Sagi, Dov},
  journal={Biological cybernetics},
  volume={61},
  number={2},
  pages={103--113},
  year={1989},
  publisher={Springer}
}

@inproceedings{liu2013Inner,
  title={Inner-Knuckle-Print Recognition Based on Improved {L}{B}{P}},
  author={Liu, Ming and Tian, Yongmei and Ma, Yinghui},
  booktitle={Proceedings of the 2012 International Conference on Information Technology and Software Engineering},
  pages={623--630},
  year={2013},
  organization={Springer}
}

@ARTICLE{Ojala2002Multiresolution, 
 author={Ojala, T. and Pietikainen, M. and Maenpaa, T.}, 
 journal={IEEE Transactions on Pattern Analysis and Machine Intelligence}, 
 title={Multiresolution gray-scale and rotation invariant texture classification with local binary patterns}, 
 year={2002}, 
 volume={24}, 
 number={7}, 
 pages={971-987}}
 
 @INPROCEEDINGS{Junli2012Evaluation, 
 author={Li Junli and Yin Gengyun and Zhang Guanghui}, 
 booktitle={31st Chinese Control Conference (CCC)}, 
 title={Evaluation of tobacco mixing uniformity based on chemical composition}, 
 year={2012}, 
 pages={7552-7555}}
 
 @INPROCEEDINGS{Wibawa2014Palm, 
 author={Wibawa, P.A. and Agung, B.W.T. and Sthevanie, F.}, 
 booktitle={International Conference on Information Technology Systems and Innovation (ICITSI)}, 
 title={Palm print recognition using competitive hand valley detection, local binary pattern and probabilistic neural network}, 
 year={2014}, 
 pages={105-110}}
 
 @INPROCEEDINGS{Perwira2014Personal, 
 author={Perwira, D.Y. and Agung, B.W.T. and Sulistiyo, M.D.}, 
 booktitle={International Conference on Information Technology Systems and Innovation (ICITSI)}, 
 title={Personal palm vein identification using principal component analysis and probabilistic neural network}, 
 year={2014}, 
 pages={99-104}}
 
 @INPROCEEDINGS{Sharma2014Robust, 
 author={Sharma, R. and Singh, A. and Joshi, A. and Gangwar, A.}, 
 booktitle={4th International Conference of Emerging Applications of Information Technology (EAIT)}, 
 title={Robust Iris Classification through a Combination of Kernel Discriminant Analysis and {P}arzen Based Probabilistic Neural Networks}, 
 year={2014}, 
 pages={268-272}}
 
 @book{fausett1994Fundamentals,
  title={Fundamentals of neural networks: architectures, algorithms, and applications},
  author={Fausett, Laurene V and Hall, Prentice},
  year={1994},
  publisher={Prentice-Hall Englewood Cliffs}
}

@INPROCEEDINGS{Kou2010TheIncremental, 
 author={Jialiang Kou and Shengwu Xiong and Shuzhen Wan and Hongbing Liu}, 
 booktitle={6th International Conference on Natural Computation (ICNC)}, 
 title={The Incremental Probabilistic Neural Network}, 
 year={2010}, 
 volume={3}, 
 pages={1330-1333}}
 
 @article{orr1997use,
  title={Use of a probabilistic neural network to estimate the risk of mortality after cardiac surgery},
  author={Orr, Richard K},
  journal={Medical Decision Making},
  volume={17},
  number={2},
  pages={178--185},
  year={1997},
  publisher={SAGE Publications}
}

@misc{Databasever1PolyU3D2D,
   title = {The {H}ong {K}ong {P}olytechnic {U}niversity  {C}ontact-free 3{D}/2{D} {H}and {I}mages {D}atabase version 1.0},
   url = {http://www.comp.polyu.edu.hk/~csajaykr/myhome/ database_request/3dhand/Hand3D.htm },
   type = {Online Database}
}

@misc{CASIAMS-PalmprintV1,
   title = {{CASIA}-{MS}-{P}almprint{V}1},
   url = {http://biometrics.idealtest.org/},
   type = {Online Database}
}

@misc{IIT-Delhi-PalmprintV1,
   title = {{IIT} {D}elhi {P}almprint {I}mage {D}atabase version 1.0},
   url = {http://www4.comp.polyu.edu.hk/~csajaykr/IITD/Database_Palm.htm},
   type = {Online Database}
}

@INPROCEEDINGS{Kong2004Competitive, 
 author={Kong, A.W.-K. and Zhang, D.}, 
 booktitle={Proceedings of the 17th International Conference on Pattern Recognition (ICPR)}, 
 title={Competitive coding scheme for palmprint verification}, 
 year={2004}, 
 volume={1}, 
 pages={520-523 Vol.1}}
 
 @INPROCEEDINGS{Khan2011Contour, 
 author={Khan, Z. and Mian, A. and Yiqun Hu}, 
 booktitle={IEEE International Conference on Computer Vision (ICCV)}, 
 title={Contour Code: Robust and efficient multispectral palmprint encoding for human recognition}, 
 year={2011}, 
 pages={1935-1942}}
 
@ARTICLE{Woods1997Generating, 
author={Woods, K. and Bowyer, K.W.}, 
journal={IEEE Transactions on Medical Imaging}, 
title={Generating {ROC} curves for artificial neural networks}, 
year={1997}, 
volume={16}, 
number={3}, 
pages={329-337}}

@article{saugirouglu2009Intelligent,
  title={An intelligent face features generation system from fingerprints},
  author={Sa{\u{g}}iro{\u{g}}lu, {\c{S}}EREF and {\"O}zkaya, NECLA},
  journal={Turkish Journal of Electrical Engineering \& Computer Sciences},
  volume={17},
  number={2},
  pages={183--203},
  year={2009},
  publisher={The Scientific and Technological Research Council of Turkey}
}

@article{orr1997use,
  title={Use of a probabilistic neural network to estimate the risk of mortality after cardiac surgery},
  author={Orr, Richard K},
  journal={Medical Decision Making},
  volume={17},
  number={2},
  pages={178--185},
  year={1997},
  publisher={SAGE Publications}
}

@ARTICLE{Lin1997Face, 
author={Shang-Hung Lin and Sun-Yuan Kung and Long-Ji Lin}, 
journal={IEEE Transactions on Neural Networks}, 
title={Face recognition/detection by probabilistic decision-based neural network}, 
year={1997}, 
volume={8}, 
number={1}, 
pages={114-132}}

@INPROCEEDINGS{Joshi2014Image, 
author={Joshi, A. and Gangwar, A. and Sharma, R. and Singh, A. and Saquib, Z.}, 
booktitle={IEEE International Conference on Image Processing (ICIP)}, 
title={Periocular recognition based on {G}abor and {P}arzen {PNN}}, 
year={2014}, 
pages={4977-4981}}

@INPROCEEDINGS{Ooi2008Biometrics, 
author={Shih-Yin Ooi and Teoh, A. and Thian-Song Ong}, 
booktitle={International Symposium on Biometrics and Security Technologies(ISBAST)}, 
title={Compatibility of biometric strengthening with probabilistic neural network}, 
year={2008}, 
pages={1-6}}

@ARTICLE{Almaadeed2015Speaker, 
author={Almaadeed, N. and Aggoun, A. and Amira, A.}, 
journal={IET Biometrics}, 
title={Speaker identification using multimodal neural networks and wavelet analysis}, 
year={2015}, 
volume={4}, 
number={1}, 
pages={18-28}}

@INPROCEEDINGS{Wibawa2014Palm, 
author={Wibawa, P.A. and Agung, B.W.T. and Sthevanie, F.}, 
booktitle={International Conference on Information Technology Systems and Innovation (ICITSI)}, 
title={Palm print recognition using competitive hand valley detection, local binary pattern and probabilistic neural network}, 
year={2014}, 
pages={105-110}}

@INPROCEEDINGS{Meshoul2010Combining, 
author={Meshoul, S. and Batouche, M.}, 
booktitle={10th International Conference on Information Sciences Signal Processing and their Applications (ISSPA)}, 
title={Combining {F}isher Discriminant Analysis and probabilistic neural network for effective on-line signature recognition}, 
year={2010}, 
pages={658-661}}

@INPROCEEDINGS{Yu2012Biometric, 
author={Chenxi Yu and Lin Huang}, 
booktitle={International Conference on System Science and Engineering (ICSSE)}, 
title={Biometric recognition by using audio and visual feature fusion}, 
year={2012}, 
pages={173-178}}

@INPROCEEDINGS{Sudha2011Biometric, 
author={Sudha, L.R. and Bhavani, R.}, 
booktitle={International Conference on Recent Trends in Information Technology (ICRTIT)}, 
title={Biometric authorization system by video analysis of human gait in controlled environments}, 
year={2011}, 
pages={139-144}}

@INPROCEEDINGS{Chuang2011Neural, 
author={Shang-Jen Chuang and Shi-Ran Zeng and Yu-Lin Chou}, 
booktitle={14th IEEE International Conference on Computational Science and Engineering (CSE)}, 
title={Neural Networks for the Recognition of Traditional {C}hinese Handwriting}, 
year={2011}, 
pages={645-648}}

@INPROCEEDINGS{Huang2007Person, 
author={Lin Huang and Hanqi Zhuang and Wenjing Zhang}, 
booktitle={IEEE Pacific Rim Conference on Communications, Computers and Signal Processing, PacRim}, 
title={Person Recognition Using Features of Still Face Images and Text-independent Speeches}, 
year={2007}, 
pages={284-287}}

@INPROCEEDINGS{Hossain2010Leaf, 
author={Hossain, J. and Amin, M.A.}, 
booktitle={13th International Conference on Computer and Information Technology (ICCIT)}, 
title={Leaf shape identification based plant biometrics}, 
year={2010}, 
pages={458-463}}

@INPROCEEDINGS{Sundaram2011Neural, 
author={Sundaram, R.M. and Dhara, B.C.}, 
booktitle={3rd International Conference on Electronics Computer Technology (ICECT)}, 
title={Neural network based Iris recognition system using {H}aralick features}, 
year={2011}, 
volume={3}, 
pages={19-23}}

@INPROCEEDINGS{Perwira2014Personal, 
author={Perwira, D.Y. and Agung, B.W.T. and Sulistiyo, M.D.}, 
booktitle={International Conference on Information Technology Systems and Innovation (ICITSI)}, 
title={Personal palm vein identification using principal component analysis and probabilistic neural network}, 
year={2014}, 
pages={99-104}}

@INPROCEEDINGS{Saini2013Moment, 
author={Saini, M.K. and Saini, J.S. and Sharma, S.}, 
booktitle={International Conference on Signal Processing and Communication (ICSC)}, 
title={Moment based wavelet filter design for fingerprint classification}, 
year={2013}, 
pages={267-270}}

@article{fawcett2006introduction,
  title={An introduction to {ROC} analysis},
  author={Fawcett, Tom},
  journal={Pattern recognition letters},
  volume={27},
  number={8},
  pages={861--874},
  year={2006},
  publisher={Elsevier}
}

@INPROCEEDINGS{Ferrer2007Low, 
 author={Ferrer, M.A. and Morales, A. and Travieso, C.M. and Alonso, J.B.}, 
 booktitle={41st Annual IEEE International Carnahan Conference on Security Technology}, 
 title={Low Cost Multimodal Biometric identification System Based on Hand Geometry, Palm and Finger Print Texture}, 
 year={2007}, 
 pages={52-58}}
 
 @INPROCEEDINGS{Michael2010Robust, 
 author={Michael, G.K.O. and Connie, T. and Jin, A.T.B.}, 
 booktitle={5th IEEE Conference on Industrial Electronics and Applications (ICIEA)}, 
 title={Robust palm print and knuckle print recognition system using a contactless approach}, 
 year={2010}, 
 pages={323-329}}
 
@article{liu2014ANew,
  title={A new approach for inner-knuckle-print recognition},
  author={Liu, Ming and Tian, Yongmei and Lihua, Li},
  journal={Journal of Visual Languages \& Computing},
  volume={25},
  number={1},
  pages={33--42},
  year={2014},
  publisher={Elsevier}
}

@INPROCEEDINGS{ElTarhouni2014Multi, 
author={El-Tarhouni, W. and Shaikh, M.K. and Boubchir, L. and Bouridane, A.}, 
booktitle={26th International Conference on Microelectronics (ICM)}, 
title={Multi-scale shift local binary pattern based-descriptor for finger-knuckle-print recognition}, 
year={2014}, 
pages={184-187}}

@INPROCEEDINGS{Amraoui2014Finger, 
author={Amraoui, M. and Abouchabaka, J. and El Aroussi, M.}, 
booktitle={International Conference on Multimedia Computing and Systems (ICMCS)}, 
title={Finger knuckle print recognition based on multi-instance fusion of local feature sets}, 
year={2014}, 
pages={87-92}}

@incollection{Zuiderveld1994Contrast,
    abstract = {{An abstract is not available.}},
    address = {San Diego, CA, USA},
    author = {Zuiderveld, Karel},
    chapter = {Contrast limited adaptive histogram equalization},
    citeulike-article-id = {4087815},
    citeulike-linkout-0 = {http://portal.acm.org/citation.cfm?id=180940},
    editor = {Heckbert, Paul S.},
    isbn = {0-12-336155-9},
    journal = {Graphic Gems IV},
    keywords = {histogram, histogram-equalization},
    pages = {474--485},
    posted-at = {2012-04-27 14:54:59},
    priority = {2},
    publisher = {Academic Press Professional, Inc.},
    title = {{Contrast Limited Adaptive Histograph Equalization}},
    url = {http://portal.acm.org/citation.cfm?id=180940},
    year = {1994}
}

@INPROCEEDINGS{Sundaram2011Neural, 
 author={Sundaram, R.M. and Dhara, B.C.}, 
 booktitle={3rd International Conference on Electronics Computer Technology (ICECT)}, 
 title={Neural network based Iris recognition system using Haralick features}, 
 year={2011}, 
 volume={3}, 
 pages={19-23}}
 
 @article{kabadi1991classification,
  title={Classification of Diabetes According to National Diabetic Data Group},
  author={Kabadi, Udaya M},
  journal={Diabetes care},
  volume={14},
  number={7},
  pages={612--613},
  year={1991},
  publisher={Am Diabetes Assoc}
}

@INPROCEEDINGS{Heusch2006Local, 
 author={Heusch, G. and Rodriguez, Y. and Marcel, S.}, 
 booktitle={7th International Conference on Automatic Face and Gesture Recognition (FGR)}, 
 title={Local binary patterns as an image preprocessing for face authentication}, 
 year={2006}, 
 pages={6--14}}
 
 @article{kim2013Face,
  title={Face recognition via local directional pattern},
  author={Kim, Dong-Ju and Lee, Sang-Heon and Sohn, Myoung-Kyu},
  journal={International Journal of Security and Its Applications},
  volume={7},
  number={2},
  pages={191--200},
  year={2013}
}

@article{ojala1996comparative,
  title={A comparative study of texture measures with classification based on featured distributions},
  author={Ojala, Timo and Pietik{\"a}inen, Matti and Harwood, David},
  journal={Pattern recognition},
  volume={29},
  number={1},
  pages={51--59},
  year={1996},
  publisher={Elsevier}
}

@INPROCEEDINGS{Petpon2009Face, 
 author={Petpon, A. and Srisuk, S.}, 
 booktitle={5th International Conference on Image and Graphics (ICIG)}, 
 title={Face Recognition with Local Line Binary Pattern}, 
 year={2009}, 
 pages={533-539}}
 
@article{anuradha2012novel,
  title={A novel method of face recognition using lbp, ltp and gabor features},
  author={Anuradha, Koneru and Tyagi, Manoj Kumar},
  journal={International Journal of Scientific \& Technology Research},
  volume={1},
  number={5},
  pages={31--35},
  year={2012}
}

@INPROCEEDINGS{Jin2004Face, 
 author={Hongliang Jin and Qingshan Liu and Hanqing Lu and Xiaofeng Tong}, 
 booktitle={3rd International Conference on Image and Graphics (ICIG)}, 
 title={Face detection using improved {LBP} under {B}ayesian framework}, 
 year={2004}, 
 pages={306-309}}
 
 @INPROCEEDINGS{Tao2007Illumination, 
 author={Qian Tao and Veldhuis, R.}, 
 booktitle={Biometrics Symposium}, 
 title={Illumination Normalization Based on Simplified Local Binary Patterns for A Face Verification System}, 
 year={2007}, 
 pages={1-6}}
 
 @article{shorrock2000biometric,
  title={Biometric verification of computer users with probabilistic and cascade forward neural networks},
  author={Shorrock, S and Yannopoulos, A and Dlay, SS and Atkinson, DJ},
  journal={Advances in Physics, Electronics and Signal Processing Applications},
   year={2000}, 
 pages={267–-272},
  publisher={World Scientific and Engineering Society Press}}
 
 @article{AlShiha2014Multi,
  title={Multi-linear neighborhood preserving projection for face recognition},
  author={Al-Shiha, Abeer A Mohamad and Woo, Wai Lok and Dlay, Satnam Singh},
  journal={Pattern Recognition},
  volume={47},
  number={2},
  pages={544--555},
  year={2014},
  publisher={Elsevier}
}

@article{amraoui2012finger,
  title={FINGER-KNUCKLE-PRINT RECOGNITION BASED ON LOCAL AND GLOBAL FEATURE SETS},
  author={Amraoui, Mounir and El Aroussi, Mohamed and Saadane, Rachid and Wahbi, Mohammed},
  journal={Journal of Theoretical \& Applied Information Technology},
  volume={46},
  number={1},
  pages={54--60},
  year={2012}
}

@ARTICLE{otsu1975threshold, 
author={N. Otsu}, 
journal={IEEE Transactions on Systems, Man, and Cybernetics}, 
title={A Threshold Selection Method from Gray-Level Histograms}, 
year={1979}, 
volume={9}, 
number={1}, 
pages={62-66}}

@article{hajmeer2002probabilistic,
  title={A probabilistic neural network approach for modeling and classification of bacterial growth/no-growth data},
  author={Hajmeer, M and Basheer, I},
  journal={Journal of Microbiological Methods},
  volume={51},
  number={2},
  pages={217--226},
  year={2002},
  publisher={Elsevier}
}

@INPROCEEDINGS{Zhou2010Contactless, 
 author={Yingbo Zhou and Kumar, A.}, 
 booktitle={Fourth IEEE International Conference on Biometrics: Theory Applications and Systems (BTAS)}, 
 title={Contactless palm vein identification using multiple representations}, 
 year={2010}, 
 pages={1-6}, 
 }
 
 @ARTICLE{Lu2014Finger, 
 author={Yu Lu and Yoon, S. and Park, D.S.}, 
 journal={Electronics Letters}, 
 title={Finger vein identification system using two cameras}, 
 year={2014}, 
 volume={50}, 
 number={22}, 
 pages={1591-1593}, 
 }
 
 @phdthesis{hartung2012vascular,
  title={Vascular pattern recognition: and its application in privacy-preserving biometric online-banking systems},
  author={Hartung, Daniel},
  school={Gjøvik University College},  
  year={2012}}

@INPROCEEDINGS{Mohamed2012Adaptive, 
author={Mohamed, A.A. and Yampolskiy, R.V.}, 
booktitle={11th International Conference on Machine Learning and Applications (ICMLA)}, 
title={Adaptive Extended Local Ternary Pattern (AELTP) for Recognizing Avatar Faces}, 
year={2012}, 
volume={1}, 
pages={57-62}}

@article{woo2005regularised,
  title={Regularised nonlinear blind signal separation using sparsely connected network},
  author={Woo, WL and Dlay, SS},
  journal={IEE Proceedings-Vision, Image and Signal Processing},
  volume={152},
  number={1},
  pages={61--73},
  year={2005},
  publisher={IET}
}

@inproceedings{wolf2008descriptor,
  title={Descriptor based methods in the wild},
  author={Wolf, Lior and Hassner, Tal and Taigman, Yaniv},
  booktitle={Workshop on Faces in \lq Real-Life' Images: Detection, Alignment, and Recognition},
  year={2008}
}

@article{tong2014facial,
  title={Facial expression recognition algorithm using {LGC} based on horizontal and diagonal prior principle},
  author={Tong, Ying and Chen, Rui and Cheng, Yong},
  journal={Optik-International Journal for Light and Electron Optics},
  volume={125},
  number={16},
  pages={4186--4189},
  year={2014},
  publisher={Elsevier}
}

@article{woo2005novel,
  title={A novel fingerprint pressure deformation algorithm for biometric authentication},
  author={Woo, WL and Dlay, SS},
  journal={WSEAS Transactions on Communications},
  volume={4},
  number={12},
  pages={1373--1380},
  year={2005}
}

@ARTICLE{Mirmohamadsadeghi2014Palm, 
author={Mirmohamadsadeghi, L. and Drygajlo, A.}, 
journal={IET Biometrics}, 
title={Palm vein recognition with local texture patterns}, 
year={2014}, 
volume={3}, 
number={4}, 
pages={198-206}}

@INPROCEEDINGS{Hanmandlu2010Palm, 
author={Hanmandlu, M. and Gureja, A. and Jain, A.}, 
booktitle={International Conference on Signal and Image Processing (ICSIP)}, 
title={Palm print recognition using Local Binary Pattern operator and support vector machines}, 
year={2010}, 
pages={158-162}}

@INPROCEEDINGS{Al-Nima2015Human, 
 author={Raid R.O. Al-Nima and Satnam S. Dlay and Wai L. Woo and Jonathon A. Chambers}, 
 booktitle={2nd IET International Conference on Intelligent Signal Processing (ISP)}, 
 title={Human Authentication With Finger Textures Based on Image Feature Enhancement}, 
 year={2015}}

@misc{DatabasePolyUFKP,
   title = {The {H}ong {K}ong {P}olytechnic {U}niversity  {F}inger-{K}nuckle-{P}rint {D}atabase},
   url = {http://www4.comp.polyu.edu.hk/~biometrics/FKP.htm },
   type = {Online Database}
}

@inproceedings{zhang2009finger,
  title={Finger-knuckle-print verification based on band-limited phase-only correlation},
  author={Zhang, Lin and Zhang, Lei and Zhang, David},
  booktitle={Computer analysis of images and patterns},
  pages={141--148},
  year={2009},
  organization={Springer}
}

@INPROCEEDINGS{Lin2009Finger, 
author={Lin Zhang and Zhang, D. and Zhang, D.}, 
booktitle={16th IEEE International Conference on Image Processing (ICIP)}, 
title={Finger-knuckle-print: A new biometric identifier}, 
year={2009}, 
pages={1981-1984}}

@article{zhang2010online,
  title={Online finger-knuckle-print verification for personal authentication},
  author={Zhang, Lin and Zhang, Lei and Zhang, David and Zhu, Hailong},
  journal={Pattern recognition},
  volume={43},
  number={7},
  pages={2560--2571},
  year={2010},
  publisher={Elsevier}
}

@article{zhang2011ensemble,
  title={Ensemble of local and global information for finger--knuckle-print recognition},
  author={{L. Zhang, L. Zhang, D. Zhang, and H. Zhu}},
  journal={Pattern Recognition},
  volume={44},
  number={9},
  pages={1990--1998},
  year={2011},
  publisher={Elsevier}
}

@article{zhang2012phase,
  title={Phase congruency induced local features for finger-knuckle-print recognition},
  author={Zhang, Lin and Zhang, Lei and Zhang, David and Guo, Zhenhua},
  journal={Pattern Recognition},
  volume={45},
  number={7},
  pages={2522--2531},
  year={2012},
  publisher={Elsevier}
}

@ARTICLE{Kumar2009Personal, 
author={Kumar, A. and Ravikanth, C.}, 
journal={IEEE Transactions on Information Forensics and Security}, 
title={Personal Authentication Using Finger Knuckle Surface}, 
year={2009}, 
volume={4}, 
number={1}, 
pages={98-110}}

@article{Al-nima2010Design,
  title={Design a Biometric Identification System Based on the
Fusion of Hand Geometry and Backhand Patterns},
  author={Raid R. Al-nima},
  journal={Iraqi Journal of Statistical Science},
  volume={10},
  number={17},
  pages={169-180},
  year={2010},
  publisher={College of Computer Science and Mathematics, University of Mosul, Iraq}
}

@inproceedings{vincent2009descriptive,
  title={A descriptive algorithm for sobel image edge detection},
  author={Vincent, OR and Folorunso, Olusegun},
  booktitle={Proceedings of Informing Science \& IT Education Conference (InSITE)},
  volume={40},
  pages={97--107},
  year={2009}
}

@INPROCEEDINGS{Al-Sumaidaee2015Facial, 
 author={Saadoon A.M. Al-Sumaidaee and Satnam S. Dlay and Wai L. Woo and Jonathon A. Chambers}, 
 booktitle={2nd IET International Conference on Intelligent Signal Processing (ISP)}, 
 title={Facial Expression Recognition using Local Gabor Gradient Code-Horizontal Diagonal Descriptor}, 
 year={2015}}

@INPROCEEDINGS{Abdullah2015Pattern, 
 author={Mohammed A.M. Abdullah and Jonathon A. Chambers and Wai L. Woo and Satnam S. Dlay}, 
 booktitle={3rd Asian Conference on Pattern Recognition (ACPR2015)}, 
 title={Iris Biometric: Is the Near-Infrared Spectrum always the Best?}, 
 year={2015}}

@INPROCEEDINGS{Yu2010Feature, 
author={Pengfei Yu and Dan Xu and Hao Zhou}, 
booktitle={3rd International Conference on Advanced Computer Theory and Engineering (ICACTE)}, 
title={Feature level fusion using palmprint and finger geometry based on Canonical Correlation Analysis}, 
year={2010}, 
volume={5}, 
pages={V5-260-V5-264}}

@INPROCEEDINGS{Budi2013Information, 
author={Budi Wirayuda, T.A. and Kuswanto, D.H. and Adhi, H.A. and Dayawati, R.N.}, 
booktitle={International Conference of Information and Communication Technology (ICoICT)}, 
title={Implementation of feature extraction based hand geometry in biometric identification system}, 
year={2013}, 
pages={259-263}}

@article{abdullah2011efficient,
  title={Efficient small template iris recognition system using wavelet transform},
  author={Abdullah, M and Al-Dulaimi, F and Al-Nuaimy, Waleed and Al-Ataby, Ali},
  journal={International Journal of Biometric and Bioinformatics},
  volume={5},
  number={1},
  pages={16--27},
  year={2011}
}

@ARTICLE{Alkassar2016Robust, 
author={Alkassar, S. and Woo, W.L. and Dlay, S.S. and Chambers, J.A.}, 
journal={IEEE Transactions on Systems, Man, and Cybernetics: Systems}, 
title={Robust Sclera Recognition System With Novel Sclera Segmentation and Validation Techniques}, 
year={2016}, 
number={99}, 
pages={1-13}}

@INPROCEEDINGS{Modi2007Impact, 
author={Modi, S.K. and Elliott, S.J. and Whetsone, J. and Hakil Kim}, 
booktitle={IEEE Workshop on Automatic Identification Advanced Technologies}, 
title={Impact of Age Groups on Fingerprint Recognition Performance}, 
year={2007}, 
pages={19-23}}

@INPROCEEDINGS{Vatamanu2013Image, 
 author={Vatamanu, O.A. and Jivulescu, M.}, 
 booktitle={8th IEEE International Symposium on Applied Computational Intelligence and Informatics (SACI)}, 
 title={Image classification using local binary pattern operators for static images}, 
 year={2013}, 
 pages={173-178}}
 
 @INPROCEEDINGS{michael2008touch,
  title={Touch-less palm print biometric system},
  author={M. G. K. Ong and C. Tee and A. T. B. Jin},
  booktitle={International Conference on Computer Vision Theory and Applications},
  year={2008}
}

@INPROCEEDINGS{Hanmandlu2010Palm, 
 author={Hanmandlu, M. and Gureja, A. and Jain, A.}, 
 booktitle={International Conference on Signal and Image Processing (ICSIP)}, 
 title={Palm print recognition using Local Binary Pattern operator and support vector machines}, 
 year={2010}, 
 pages={158-162}}
 
 @ARTICLE{Ahmed2012Gradient, 
 author={Ahmed, F.}, 
 journal={Electronics Letters}, 
 title={Gradient directional pattern: A robust feature descriptor for facial expression recognition}, 
 year={2012}, 
 volume={48}, 
 number={19}, 
 pages={1203-1204}}
 
 @ARTICLE{Gong2013Handheld, 
 author={Yazhuo Gong and Zhang, D. and Pengfei Shi and Jingqi Yan}, 
 journal={IEEE Transactions on Systems, Man, and Cybernetics: Systems}, 
 title={Handheld System Design for Dual-Eye Multispectral Iris Capture With One Camera}, 
 year={2013}, 
 volume={43}, 
 number={5}, 
 pages={1154-1166}}
 
 @ARTICLE{Marsico2013Robust, 
 author={De Marsico, M. and Nappi, M. and Riccio, D. and Wechsler, H.}, 
 journal={IEEE Transactions on Systems, Man, and Cybernetics: Systems}, 
 title={Robust Face Recognition for Uncontrolled Pose and Illumination Changes}, 
 year={2013}, 
 volume={43}, 
 number={1}, 
 pages={149-163}}
 
 @ARTICLE{Labati2016Systems, 
 author={Donida Labati, R. and Genovese, A. and Piuri, V. and Scotti, F.}, 
 journal={IEEE Transactions on Systems, Man, and Cybernetics: Systems}, 
 title={Toward Unconstrained Fingerprint Recognition: A Fully Touchless 3-D System Based on Two Views on the Move}, 
 year={2016}, 
 volume={46}, 
 number={2}, 
 pages={202-219}}
 
 @ARTICLE{Jia2014Histogram, 
 author={Wei Jia and Rong-Xiang Hu and Ying-Ke Lei and Yang Zhao and Jie Gui}, 
 journal={IEEE Transactions on Systems, Man, and Cybernetics: Systems}, 
 title={Histogram of Oriented Lines for Palmprint Recognition}, 
 year={2014}, 
 volume={44}, 
 number={3}, 
 pages={385-395}}
 
 @ARTICLE{Zhou2012ANew, 
 author={Zhi Zhou and Du, E.Y. and Thomas, N.L. and Delp, E.J.}, 
 journal={IEEE Transactions on Systems, Man and Cybernetics, Part A: Systems and Humans}, 
 title={A New Human Identification Method: Sclera Recognition}, 
 year={2012}, 
 volume={42}, 
 number={3}, 
 pages={571-583}}
 
 @inproceedings{ross2005feature,
  title={Feature level fusion of hand and face biometrics},
  author={Ross, Arun A and Govindarajan, Rohin},
  booktitle={Defense and Security},
  pages={196--204},
  year={2005},
  organization={International Society for Optics and Photonics}
}

@article{almahafzah2012multibiometric,
  title={Multibiometric: Feature level fusion using {FKP} multi-instance biometric},
  author={AlMahafzah, Harbi and Imran, Mohammad and Sheshadri, HS},
  journal={IJCSI International Journal of Computer Science Issues},
  year={2012},
  volume={9}, 
  issue={4}, 
 number={3}}

@inproceedings{zhang2009finger,
  title={Finger-knuckle-print verification based on band-limited phase-only correlation},
  author={Zhang, Lin and Zhang, Lei and Zhang, David},
  booktitle={Computer analysis of images and patterns},
  pages={141--148},
  year={2009},
  organization={Springer}
}

@INPROCEEDINGS{Lin2009Finger, 
author={Lin Zhang and Zhang, D. and Zhang, D.}, 
booktitle={16th IEEE International Conference on Image Processing (ICIP)}, 
title={Finger-knuckle-print: A new biometric identifier}, 
year={2009}, 
pages={1981-1984}}

@article{zhang2010online,
  title={Online finger-knuckle-print verification for personal authentication},
  author={Zhang, Lin and Zhang, Lei and Zhang, David and Zhu, Hailong},
  journal={Pattern recognition},
  volume={43},
  number={7},
  pages={2560--2571},
  year={2010},
  publisher={Elsevier}
}

@article{zhang2011ensemble,
  title={Ensemble of local and global information for finger--knuckle-print recognition},
  author={{L. Zhang, L. Zhang, D. Zhang, and H. Zhu}},
  journal={Pattern Recognition},
  volume={44},
  number={9},
  pages={1990--1998},
  year={2011},
  publisher={Elsevier}
}

@article{zhang2012phase,
  title={Phase congruency induced local features for finger-knuckle-print recognition},
  author={Zhang, Lin and Zhang, Lei and Zhang, David and Guo, Zhenhua},
  journal={Pattern Recognition},
  volume={45},
  number={7},
  pages={2522--2531},
  year={2012},
  publisher={Elsevier}
}

@inproceedings{vincent2009descriptive,
  title={A descriptive algorithm for sobel image edge detection},
  author={Vincent, OR and Folorunso, Olusegun},
  booktitle={Proceedings of Informing Science \& IT Education Conference (InSITE)},
  volume={40},
  pages={97--107},
  year={2009}
}

@INPROCEEDINGS{Yu2010Feature, 
author={Pengfei Yu and Dan Xu and Hao Zhou}, 
booktitle={3rd International Conference on Advanced Computer Theory and Engineering (ICACTE)}, 
title={Feature level fusion using palmprint and finger geometry based on Canonical Correlation Analysis}, 
year={2010}, 
volume={5}, 
pages={V5-260-V5-264}}

@INPROCEEDINGS{Budi2013Information, 
author={Budi Wirayuda, T.A. and Kuswanto, D.H. and Adhi, H.A. and Dayawati, R.N.}, 
booktitle={International Conference of Information and Communication Technology (ICoICT)}, 
title={Implementation of feature extraction based hand geometry in biometric identification system}, 
year={2013}, 
pages={259-263}}

@ARTICLE{Alkassar2016Robust, 
author={Alkassar, S. and Woo, W.L. and Dlay, S.S. and Chambers, J.A.}, 
journal={IEEE Transactions on Systems, Man, and Cybernetics: Systems}, 
title={Robust Sclera Recognition System With Novel Sclera Segmentation and Validation Techniques}, 
year={2016}, 
volume={PP}, 
number={99}, 
pages={1-13}}

@INPROCEEDINGS{Modi2007Impact, 
author={Modi, S.K. and Elliott, S.J. and Whetsone, J. and Hakil Kim}, 
booktitle={IEEE Workshop on Automatic Identification Advanced Technologies}, 
title={Impact of Age Groups on Fingerprint Recognition Performance}, 
year={2007}, 
pages={19-23}}

@INPROCEEDINGS{Vatamanu2013Image, 
 author={Vatamanu, O.A. and Jivulescu, M.}, 
 booktitle={IEEE 8th International Symposium on Applied Computational Intelligence and Informatics (SACI)}, 
 title={Image classification using local binary pattern operators for static images}, 
 year={2013}, 
 pages={173-178}}
 
 @inproceedings{kumar2011contactless,
  title={Contactless fingerprint identification using level zero features},
  author={Kumar, Ajay and Zhou, Yingbo},
  booktitle={IEEE Computer Society Conference on Computer Vision and Pattern Recognition Workshops (CVPRW)},
  pages={114--119},
  year={2011}
}

@inproceedings{kumar2008incorporating,
  title={Incorporating cohort information for reliable palmprint authentication},
  author={Kumar, Ajay},
  booktitle={6th IEEE Indian Conference on Computer Vision, Graphics \& Image Processing, ICVGIP'08.},
  pages={583--590},
  year={2008}
}

@article{kumar2011personal,
  title={Personal identification using multibiometrics rank-level fusion},
  author={Kumar, Ajay and Shekhar, Sumit},
  journal={IEEE Transactions on Systems, Man, and Cybernetics, Part C: Applications and Reviews},
  volume={41},
  number={5},
  pages={743--752},
  year={2011},
  publisher={IEEE}
}

@book{young1998fundamentals,
  title={Fundamentals of {I}mage {P}rocessing},
  author={Young, Ian T and Gerbrands, Jan J and Van Vliet, Lucas J},
  year={1998},
  publisher={Delft University of Technology Delft, The Netherlands}
}

@inproceedings{topccu2010decision,
  title={Decision fusion for patch-based face recognition},
  author={Top{\c{c}}u, Berkay and Erdogan, Hakan},
  booktitle={20th IEEE International Conference on Pattern Recognition (ICPR)},
  pages={1348--1351},
  year={2010}
}

@inproceedings{samavi2005binarization,
  title={Binarization and Thinning of Fingerprint Images by Pipelining},
  author={Samavi, Shadrokh and Kheiri, Farshad and Karimi, Nader},
  booktitle={3rd conference on Machine Vision Image Processing and applications-MVIP, University of Tehran, Iran},
  volume={2},
  year={2005}
}

@article{mukherjee2011enhancement,
  title={Enhancement of image resolution by binarization},
  author={Mukherjee, Aroop and Kanrar, Soumen},
  journal={arXiv preprint arXiv:1111.4800},
  year={2011}
}

@book{Hader1992Image,
  title={Image analysis: methods and applications},
  editor={Hader, Donat P.},
  edition  = {second edition},
  year={1992},
  publisher={CRC PRESS}
}

 @book{matlab19942012Image,
 author = {{MATLAB}},
 title = {Image Processing Toolbox},
  year = {1994-2012},
 publisher = {The MathWorks Inc.},
 }

@book{pitas2000digital,
  title={Digital image processing algorithms and applications},
  author={Pitas, Ioannis},
  year={2000},
  publisher={John Wiley \& Sons}
}

@inproceedings{ross2004feature,
  title={Feature level fusion in biometric systems},
  author={Ross, Arun and Govindarajan, Rohin},
  booktitle={proceedings of Biometric Consortium Conference (BCC)},
  year={2004}
}

@INPROCEEDINGS{Gupta2014Feature, 
author={A. Gupta and E. Walia and M. Vaidya}, 
booktitle={International Conference on Advances in Engineering and Technology Research (ICAETR)}, 
title={Feature level fusion of palm print and fingerprint modalities using Discrete Cosine Transform}, 
year={2014}, 
pages={1-5}}

@article{khan2014multispectral,
  title={Multispectral palmprint encoding and recognition},
  author={Khan, Zohaib and Shafait, Faisal and Hu, Yiqun and Mian, Ajmal},
  journal={arXiv preprint arXiv:1402.2941},
  year={2014}
}

@INPROCEEDINGS{Al-Nima2016ANovel,
author={R. R. O. Al-Nima and S. S. Dlay and W. L. Woo and J. A. Chambers}, 
booktitle={24th IEEE Signal Processing and Communication Application Conference (SIU)}, 
title={A novel biometric approach to generate {ROC} curve from the Probabilistic Neural Network}, 
year={2016}, 
pages={141-144}}

@ARTICLE{Ahonen2006Face, 
author={T. Ahonen and A. Hadid and M. Pietikainen}, 
journal={IEEE Transactions on Pattern Analysis and Machine Intelligence}, 
title={Face Description with Local Binary Patterns: Application to Face Recognition}, 
year={2006}, 
volume={28}, 
number={12}, 
pages={2037-2041}}

@ARTICLE{Zhao2007Dynamic, 
author={G. Zhao and M. Pietikainen}, 
journal={IEEE Transactions on Pattern Analysis and Machine Intelligence}, 
title={Dynamic Texture Recognition Using Local Binary Patterns with an Application to Facial Expressions}, 
year={2007}, 
volume={29}, 
number={6}, 
pages={915-928}}

@ARTICLE{Heikkila2006Atexture, 
author={M. Heikkila and M. Pietikainen}, 
journal={IEEE Transactions on Pattern Analysis and Machine Intelligence}, 
title={A texture-based method for modeling the background and detecting moving objects}, 
year={2006}, 
volume={28}, 
number={4}, 
pages={657-662}}

@article{wang2014design,
  title={Design of alignment-free cancelable fingerprint templates via curtailed circular convolution},
  author={Wang, Song and Hu, Jiankun},
  journal={Pattern Recognition},
  volume={47},
  number={3},
  pages={1321--1329},
  year={2014},
  publisher={Elsevier}
}

@article{raghavendra2014novel,
  title={Novel image fusion scheme based on dependency measure for robust multispectral palmprint recognition},
  author={Raghavendra, Ramachandra and Busch, Christoph},
  journal={Pattern recognition},
  volume={47},
  number={6},
  pages={2205--2221},
  year={2014},
  publisher={Elsevier}
}

@article{rigas2015eye,
  title={Eye movement-driven defense against iris print-attacks},
  author={Rigas, Ioannis and Komogortsev, Oleg V},
  journal={Pattern Recognition Letters},
  volume={68},
  pages={316--326},
  year={2015},
  publisher={Elsevier}
}

@INPROCEEDINGS{Ukil2011Fast, 
author={A. Ukil and V. H. Shah and B. Deck}, 
booktitle={IEEE International Symposium on Industrial Electronics}, 
title={Fast computation of arctangent functions for embedded applications: A comparative analysis}, 
year={2011}, 
pages={1206-1211}}

@ARTICLE{Abdullah2016Robust, 
author={M. A. M. Abdullah and S. S. Dlay and W. L. Woo and J. A. Chambers}, 
journal={IEEE Transactions on Systems, Man, and Cybernetics: Systems}, 
title={Robust Iris Segmentation Method Based on a New Active Contour Force With a Noncircular Normalization}, 
year={2016}, 
volume={PP}, 
number={99}, 
pages={1-14}}

@article{frucci2016wire,
  title={WIRE: Watershed based iris recognition},
  author={Frucci, Maria and Nappi, Michele and Riccio, Daniel and di Baja, Gabriella Sanniti},
  journal={Pattern Recognition},
  volume={52},
  pages={148--159},
  year={2016},
  publisher={Elsevier}
}

@article{cadd2015fingerprint,
  title={Fingerprint composition and aging: a literature review},
  author={Cadd, Samuel and Islam, Meez and Manson, Peter and Bleay, Stephen},
  journal={Science \& Justice},
  volume={55},
  number={4},
  pages={219--238},
  year={2015},
  publisher={Elsevier}
}

@article{Al-Nima2017Robust,
author={R. R. O. Al-Nima and S. S. Dlay and S. A. M. Al-Sumaidaee and W. L. Woo and J. A. Chambers}, 
journal={IET Biometrics}, 
title={Robust feature extraction and salvage schemes for finger texture based biometrics}, 
year={2017}, 
volume={6}, 
number={2}, 
pages={43-52}, 
doi={10.1049/iet-bmt.2016.0090}, 
ISSN={2047-4938}, 
month={}}

@misc{Gołda2005Introduction,
  author = {Adam Gołda},
  title = {Introduction to neural networks},
  year = 2005,
  howpublished = {\url{http://home.agh.edu.pl/~vlsi/AI/intro/}},
  note = {Accessed: 2016-10-23}
}

@book{band2006light,
  title={Light and {M}atter: {E}lectromagnetism, {O}ptics, {S}pectroscopy and {L}asers},
  author={Band, Yehuda B},
  volume={1},
  year={2006},
  publisher={John Wiley \& Sons}
}

@misc{Website2016Color,
  title = {Color and their perception},
  howpublished = {\url{http://www.gouldianfinches.eu/en/genetics/genetics-and-mutations-in-gouldian-finches/colors-and-their-perception/}},
  note = {{A}ccessed: 2016-12-04}
}

@misc{PolyUFinTexVei,
   title = {The {H}ong {K}ong {P}olytechnic {U}niversity {F}inger {I}mage {D}atabase version 1.0},
   url = {http://www.comp.polyu.edu.hk/~csajaykr/fvdatabase.htm },
   type = {Online Database}
}

@misc{PolyULRF,
   title = {The {H}ong {K}ong {P}olytechnic {U}niversity {L}ow {R}esolution {F}ingerprint {D}atabase (Version 1.0)},
   url = {http://www.comp.polyu.edu.hk/~csajaykr/fplr.htm },
   type = {Online Database}
}

@phdthesis{mukhaiyar2015cancellable,
  title={Cancellable biometric using matrix approaches},
  author={Mukhaiyar, Riki},
  school={School of Electrical and Electronic Engineering, Newcastle University},
  year={2015},
  type = {{PhD} thesis}
}

@ARTICLE{Sanchez-Reillo2000Biometric, 
author={R. Sanchez-Reillo and C. Sanchez-Avila and A. Gonzalez-Marcos}, 
journal={IEEE Transactions on Pattern Analysis and Machine Intelligence}, 
title={Biometric identification through hand geometry measurements}, 
year={2000}, 
volume={22}, 
number={10}, 
pages={1168-1171}}

@INPROCEEDINGS{Ayurzana2013Astudy,
author={O. Ayurzana and B. Pumbuurei and Hiesik Kim}, 
booktitle={Ifost}, 
title={A study of hand-geometry recognition system}, 
year={2013}, 
volume={2}, 
pages={132-135}}

@INPROCEEDINGS{Svoboda2015Contactless, 
author={J. Svoboda and M. M. Bronstein and M. Drahansky}, 
booktitle={International Conference on Biometrics (ICB)}, 
title={Contactless biometric hand geometry recognition using a low-cost 3D camera}, 
year={2015}, 
pages={452-457}}

@ARTICLE{Malassiotis2006Personal,
author={S. Malassiotis and N. Aifanti and M. G. Strintzis}, 
journal={IEEE Transactions on Information Forensics and Security}, 
title={Personal authentication using 3-D finger geometry}, 
year={2006}, 
volume={1}, 
number={1}, 
pages={12-21}}

@INPROCEEDINGS{Aghili2010Personal,
author={B. Aghili and H. Sadjedi}, 
booktitle={3rd International Congress on Image and Signal Processing}, 
title={Personal identification/verification by using four fingers}, 
year={2010}, 
volume={6}, 
pages={2619-2623}}

@INPROCEEDINGS{Liu2015Hand,
author={Fu Liu and Huiying Liu and Lei Gao}, 
booktitle={Proceedings of International Conference on Intelligent Computing and Internet of Things}, 
title={Hand recognition based on finger-contour and {PSO}}, 
year={2015}, 
pages={35-39}}

@INPROCEEDINGS{Ribaric2005Anonline, 
author={S. Ribaric and I. Fratric}, 
booktitle={13th European Signal Processing Conference}, 
title={An online biometric authentication system based on eigenfingers and finger-geometry}, 
year={2005}, 
pages={1-4}}

@INPROCEEDINGS{Zhu20092D,
author={L. q. Zhu}, 
booktitle={2nd International Congress on Image and Signal Processing}, 
title={2D Finger Shape Recognition Based on Local Zero-Order Moment Features}, 
year={2009}, 
pages={1-4}}

@ARTICLE{Kang2010Multimodal, 
author={B. J. Kang and K. R. Park}, 
journal={IET Computer Vision}, 
title={Multimodal biometric method based on vein and geometry of a single finger}, 
year={2010}, 
volume={4}, 
number={3}, 
pages={209-217}}

@INPROCEEDINGS{Joshi2014Enhancing, 
author={A. A. Joshi and P. Deshpande and A. S. Tavildar}, 
booktitle={International Conference on Electronics and Communication Systems (ICECS)}, 
title={Enhancing accuracy for personal identification usinghierarchical based fusion of finger geometry and palm print modalities}, 
year={2014}, 
pages={1-4}}

@INPROCEEDINGS{Anitha2014Anovel, 
author={M. L. Anitha and K. A. R. Rao}, 
booktitle={19th International Conference on Digital Signal Processing}, 
title={A novel bimodal biometric identification system based on finger geometry and palm print}, 
year={2014}, 
pages={574-579}}

@INPROCEEDINGS{Zhang2006Multiscale,
author={Zhongbo Zhang and Siliang Ma and Xiao Han}, 
booktitle={18th International Conference on Pattern Recognition (ICPR'06)}, 
title={Multiscale Feature Extraction of Finger-Vein Patterns Based on Curvelets and Local Interconnection Structure Neural Network}, 
year={2006}, 
volume={4}, 
pages={145-148}}

@ARTICLE{Liu2012AnEmbedded, 
author={Z. Liu and S. Song}, 
journal={IEEE Transactions on Consumer Electronics}, 
title={An embedded real-time finger-vein recognition system for mobile devices}, 
year={2012}, 
volume={58}, 
number={2}, 
pages={522-527}}

@ARTICLE{Lu2014Finger, 
author={Y. Lu and S. Yoon and D. S. Park}, 
journal={Electronics Letters}, 
title={Finger vein identification system using two cameras}, 
year={2014}, 
volume={50}, 
number={22}, 
pages={1591-1593}}

@ARTICLE{Lee2009Restoration, 
author={E. C. Lee and K. R. Park}, 
journal={Electronics Letters}, 
title={Restoration method of skin scattering blurred vein image for finger vein recognition}, 
year={2009}, 
volume={45}, 
number={21}, 
pages={1074-1076}}

@ARTICLE{Wang2010User, 
author={D. Wang and J. Li and G. Memik}, 
journal={IEEE Transactions on Consumer Electronics}, 
title={User identification based on finger-vein patterns for consumer electronics devices}, 
year={2010}, 
volume={56}, 
number={2}, 
pages={799-804}}

@INPROCEEDINGS{Wang2008Study,
author={C. Wang and S. Song and F. Sun and L. Mei}, 
booktitle={9th International Conference on Signal Processing}, 
title={Study on Finger-Articular Back Texture recognition}, 
year={2008}, 
pages={2085-2091}}

@INPROCEEDINGS{Kumar2009Human, 
author={A. Kumar and Y. Zhou}, 
booktitle={3rd IEEE International Conference on Biometrics: Theory, Applications, and Systems}, 
title={Human identification using KnuckleCodes}, 
year={2009}, 
pages={1-6}}

@ARTICLE{Kumar2014Importance, 
author={A. Kumar}, 
journal={IEEE Transactions on Information Forensics and Security}, 
title={Importance of Being Unique From Finger Dorsal Patterns: Exploring Minor Finger Knuckle Patterns in Verifying Human Identities}, 
year={2014}, 
volume={9}, 
number={8}, 
pages={1288-1298}}

@misc{Databasever1IITDFK,
   title = {{IIT} {D}elhi {F}inger {K}nuckle {D}atabase version 1.0},
   url = {http://www.comp.polyu.edu.hk/~csajaykr/knuckle/iitd_knuckle.htm},
   type = {Online Database}
}

@misc{Databasever1PolyUCFKI,
   title = {{T}he {H}ong {K}ong {P}olytechnic {U}niversity {C}ontactless {F}inger {K}nuckle {I}mages {D}atabase version 1.0},
   url = {http://www.comp.polyu.edu.hk/~csajaykr/myhome/database_request/fn1/knuckle.htm},
   type = {Online Database}
}

@inproceedings{aoyama2013multi,
  title={A multi-finger knuckle recognition system for door handle},
  author={Aoyama, Shoichiro and Ito, Koichi and Aoki, Takafumi},
  booktitle={6th IEEE International Conference on Biometrics: Theory, Applications and Systems (BTAS)},
  pages={1--7},
  year={2013}
}

@article{Le-qing2010multimodal,
  title={Multimodal biometric identification system based on finger geometry, knuckle print and palm print},
  author={L. Zhu and S. Zhang},
  journal={Pattern Recognition Letters},
  volume={31},
  number={12},
  pages={1641--1649},
  year={2010},
  publisher={Elsevier}
}

@incollection{li2004personal,
  title={Personal identification using knuckleprint},
  author={Li, Qiang and Qiu, Zhengding and Sun, Dongmei and Wu, Jie},
  booktitle={Advances in Biometric Person Authentication},
  pages={680--689},
  year={2004},
  publisher={Springer}
}

@article{anitha2016fusion,
  title={Fusion of Finger Inner Knuckle Print and Hand Geometry Features to Enhance the Performance of Biometric Verification System},
  author={Anitha, ML and Rao, KA Radhakrishna},
  journal={World Academy of Science, Engineering and Technology, International Journal of Electrical, Computer, Energetic, Electronic and Communication Engineering},
  volume={10},
  number={10},
  pages={1310--1315},
  year={2016}
}

@article{xu2015illumination,
  title={Illumination-Invariant and Deformation-Tolerant Inner Knuckle Print Recognition Using Portable Devices},
  author={Xu, Xuemiao and Jin, Qiang and Zhou, Le and Qin, Jing and Wong, Tien-Tsin and Han, Guoqiang},
  journal={Sensors},
  volume={15},
  number={2},
  pages={4326--4352},
  year={2015},
  publisher={Multidisciplinary Digital Publishing Institute}
}

@article{xu2015novel,
  title={A novel {IKP}-based biometric recognition using mobile phone camera},
  author={Xu, Xue-Miao and Lai, Xiao-Zheng and Jin, Qiang and Yuan, Xue-Han and Lai, Sheng-Li and Lin, Yan-Wen and Huang, Jian-Wen},
  journal={International Journal of Distributed Sensor Networks},
  volume={2015},
  pages={2},
  year={2015},
  publisher={Taylor \& Francis, Inc.}
}

@article{aykut2013aam,
  title={A{AM}-based palm segmentation in unrestricted backgrounds and various postures for palmprint recognition},
  author={Aykut, Murat and Ekinci, Murat},
  journal={Pattern Recognition Letters},
  volume={34},
  number={9},
  pages={955--962},
  year={2013},
  publisher={Elsevier}
}

@inproceedings{makul2016palm,
  title={Palm and palm finger joint surfaces based multibiometric approach},
  author={Makul, {\"O}zge and Ekinci, Murat},
  booktitle={39th IEEE International Conference on Telecommunications and Signal Processing (TSP)},
  pages={665--668},
  year={2016}
}

@INPROCEEDINGS{Makul2014Biyometric, 
author={{\"O}. Makul and M. Ekinci}, 
booktitle={22nd Signal Processing and Communications Applications Conference (SIU)}, 
title={Biyometric identification based on knuckle prints}, 
year={2014}, 
pages={1881-1884}}

@inproceedings{liu2013InnerKnuckle,
  title={Inner-Knuckle-Print Verification Based on Guided Image Filtering},
  author={Liu, Ming and Yan, Jun},
  booktitle={Proceedings of Chinese Intelligent Automation Conference},
  pages={477--484},
  year={2013},
  organization={Springer}
}

@INPROCEEDINGS{Makrushin2015Forensic, 
author={A. Makrushin and K. Qian and C. Vielhauer and T. Scheidat}, 
booktitle={3rd IEEE International Workshop on Biometrics and Forensics (IWBF)}, 
title={Forensic analysis: on the capability of optical sensors to visualize latent fingerprints on rubber gloves}, 
year={2015}, 
pages={1-6}}

@INPROCEEDINGS{Kotzerke2015Discriminating, 
author={J. Kotzerke and S. A. Davis and R. Hayes and L. J. Spreeuwers and R. N. J. Veldhuis and K. J. Horadam}, 
booktitle={3rd IEEE International Workshop on Biometrics and Forensics (IWBF)}, 
title={Discriminating fingermarks with evidential value for forensic comparison}, 
year={2015}, 
pages={1-6}}

@INPROCEEDINGS{Espiritu2015Neural, 
author={J. Del Espiritu and G. Rolluqui and R. C. Gustilo}, 
booktitle={International Conference on Humanoid, Nanotechnology, Information Technology,Communication and Control, Environment and Management (HNICEM)}, 
title={Neural network based partial fingerprint recognition as support for forensics}, 
year={2015}, 
pages={1-5}}

@INPROCEEDINGS{Merkel2014Latent, 
author={R. Merkel and J. Dittmann and M. Hildebrandt}, 
booktitle={IEEE International Conference on Image Processing (ICIP)}, 
title={Latent fingerprint persistence: A new temporal feature space for forensic trace evidence analysis}, 
year={2014}, 
pages={4952-4956}}

@INPROCEEDINGS{Ezeobiejesi2016Latent, 
author={J. Ezeobiejesi and B. Bhanu}, 
booktitle={IEEE Conference on Computer Vision and Pattern Recognition Workshops (CVPRW)}, 
title={Latent Fingerprint Image Segmentation Using Fractal Dimension Features and Weighted Extreme Learning Machine Ensemble}, 
year={2016}, 
pages={214-222}}

@ARTICLE{Zhang2014Adaptive, 
author={N. Zhang and Y. Zang and X. Yang and X. Jia and J. Tian}, 
journal={IEEE Transactions on Information Forensics and Security}, 
title={Adaptive Orientation Model Fitting for Latent Overlapped Fingerprints Separation}, 
year={2014}, 
volume={9}, 
number={10}, 
pages={1547-1556}}

@ARTICLE{Paulino2013Latent, 
author={A. A. Paulino and J. Feng and A. K. Jain}, 
journal={IEEE Transactions on Information Forensics and Security}, 
title={Latent Fingerprint Matching Using Descriptor-Based Hough Transform}, 
year={2013}, 
volume={8}, 
number={1}, 
pages={31-45}}

@article{jaswal2016knuckle,
  title={Knuckle Print Biometrics and Fusion Schemes--Overview, Challenges, and Solutions},
  author={Jaswal, Gaurav and Kaul, Amit and Nath, Ravinder},
  journal={ACM Computing Surveys (CSUR)},
  volume={49},
  number={2},
  pages={34},
  year={2016},
  publisher={ACM}
}

@ARTICLE{Gil2013Fingerprint, 
author={R. Gil and G. D. Orueta and M. Tawfik and F. Garcia-Loro and A. P. Martin and E. Sancristobal and S. Martin and M. Castro}, 
journal={IEEE Revista Iberoamericana de Tecnologias del Aprendizaje}, 
title={Fingerprint Verification System in Tests in Moodle}, 
year={2013}, 
volume={8}, 
number={1}, 
pages={23-30}}

@ARTICLE{Halici1996Fingerprint, 
author={U. Halici and G. Ongun}, 
journal={Proceedings of the IEEE}, 
title={Fingerprint classification through self-organizing feature maps modified to treat uncertainties}, 
year={1996}, 
volume={84}, 
number={10}, 
pages={1497-1512}}

@INPROCEEDINGS{Bifari2014Automated, 
author={E. N. Bifari and L. A. Elrefaei}, 
booktitle={International Conference on Advances in Computing, Communications and Informatics (ICACCI)}, 
title={Automated Fingerprint Identification System based on weighted feature points matching algorithm}, 
year={2014}, 
pages={2212-2217}}

@ARTICLE{Conti2010AFrequency, 
author={V. Conti and C. Militello and F. Sorbello and S. Vitabile}, 
journal={IEEE Transactions on Systems, Man, and Cybernetics, Part C (Applications and Reviews)}, 
title={A Frequency-based Approach for Features Fusion in Fingerprint and Iris Multimodal Biometric Identification Systems}, 
year={2010}, 
volume={40}, 
number={4}, 
pages={384-395}}

@ARTICLE{Kang2014Pose, 
author={W. Kang and Q. Wu}, 
journal={IEEE Transactions on Systems, Man, and Cybernetics: Systems}, 
title={Pose-Invariant Hand Shape Recognition Based on Finger Geometry}, 
year={2014}, 
volume={44}, 
number={11}, 
pages={1510-1521}}

@article{michael2010innovative,
  title={An innovative contactless palm print and knuckle print recognition system},
  author={Michael, Goh Kah Ong and Connie, Tee and Jin, Andrew Teoh Beng},
  journal={Pattern Recognition Letters},
  volume={31},
  number={12},
  pages={1708--1719},
  year={2010},
  publisher={Elsevier}
}

@inproceedings{ying2007identity,
  title={Identity verification by using handprint},
  author={Ying, Hao and Tieniu, Tan and Zhenan, Sun and Yufei, Han},
  booktitle={International Conference on Biometrics},
  pages={328--337},
  year={2007},
  organization={Springer}
}

@article{zhang2012hand,
  title={Hand-based single sample biometrics recognition},
  author={Zhang, Yanqiang and Sun, Dongmei and Qiu, Zhengding},
  journal={Neural Computing and Applications},
  volume={21},
  number={8},
  pages={1835--1844},
  year={2012},
  publisher={Springer}
}

@article{nanni2009multi,
  title={A multi-matcher system based on knuckle-based features},
  author={Nanni, Loris and Lumini, Alessandra},
  journal={Neural computing and applications},
  volume={18},
  number={1},
  pages={87--91},
  year={2009},
  publisher={Springer}
}

@misc{FVC2000,
  title = {FVC2000: {F}ingerprint {V}erification {C}ompetition},
  howpublished = {\url{http://bias.csr.unibo.it/fvc2000/download.asp}},
  note = {Accessed: 2017-01-18}
}

@article{parzen1962estimation,
  title={On estimation of a probability density function and mode},
  author={Parzen, Emanuel},
  journal={The annals of mathematical statistics},
  volume={33},
  number={3},
  pages={1065--1076},
  year={1962},
  publisher={JSTOR}
}

@ARTICLE{Jain2004AnIntroduction, 
author={A. K. Jain and A. Ross and S. Prabhakar}, 
journal={IEEE Transactions on Circuits and Systems for Video Technology}, 
title={An introduction to biometric recognition}, 
year={2004}, 
volume={14}, 
number={1}, 
pages={4-20}}

@inproceedings{matyavs2000biometric,
  title={Biometric authentication systems},
  author={Maty{\'a}{\v{s}}, V{\'a}clav and R{\i}ha, Z},
  booktitle={verf{\"u}gbar {\"u}ber: http://grover. informatik. uni-augsburg. de/lit/MM-Seminar/Privacy/riha00biometric. pdf},
  year={2000},
  organization={Citeseer}
}

@INPROCEEDINGS{Borah2015Retina, 
author={T. R. Borah and K. K. Sarma and P. H. Talukdar}, 
booktitle={International Conference on Computer, Communication and Control (IC4)}, 
title={Retina recognition system using adaptive neuro fuzzy inference system}, 
year={2015}, 
pages={1-6}}

@ARTICLE{Ammirah2012DNA, 
author={Ammirah J. Omar and Hanan K. Mahmood and Eman A. Husein and Nadia F. Salman }, 
journal={Iraqi Journal of Biotechnology}, 
title={{DNA} PATERNITY TEST AND STATISTICS FOR FATHER-DAUGHTER INCEST CASE}, 
year={2012}, 
volume={11}, 
number={2}, 
pages={407-413}}

@ARTICLE{raid2012human,
  author={Raid, R},
  journal={Iraqi Journal of Computers,Communications,Control and Systems Engineering},
  title={Human Authentication with Earprint for Secure Telephone System},
  year={2012},
  volume={12}, 
  number={2},
  pages={47-56}
}

@INPROCEEDINGS{Oravec2016Mobile, 
author={M. Oravec and J. Pavlovičová and D. Sopiak and V. Jirka and M. Loderer and Ľ. Lehota and M. Vodička and M. Fačkovec and M. Mihalik and M. Tomík and J. Gerát}, 
booktitle={International Conference on Systems, Signals and Image Processing (IWSSIP)}, 
title={Mobile ear recognition application}, 
year={2016}, 
pages={1-4}}

@INPROCEEDINGS{Tathe2016Face, 
author={S. V. Tathe and A. S. Narote and S. P. Narote}, 
booktitle={IEEE Annual India Conference (INDICON)}, 
title={Face detection and recognition in videos}, 
year={2016}, 
pages={1-6}, 
doi={10.1109/INDICON.2016.7839098}, 
month={Dec},}

@INPROCEEDINGS{El-Alfy2012Automatic, 
author={E. S. M. El-Alfy}, 
booktitle={5th International Conference on New Technologies, Mobility and Security (NTMS)}, 
title={Automatic Identification Based on Hand Geometry and Probabilistic Neural Networks}, 
year={2012}, 
pages={1-5}, 
doi={10.1109/NTMS.2012.6208758}, 
ISSN={2157-4952}, 
month={May}
}

@article{varchol2007using,
  title={Using of hand geometry in biometric security systems},
  author={Varchol, Peter and Levicky, Dusan},
  journal={Radioengineering-Prague-},
  volume={16},
  number={4},
  pages={82},
  year={2007},
  publisher={Citeseer}
}

@INPROCEEDINGS{Anikin2016Handwritten, 
author={I. V. Anikin and E. S. Anisimova}, 
booktitle={Dynamics of Systems, Mechanisms and Machines (Dynamics)}, 
title={Handwritten signature recognition method based on fuzzy logic}, 
year={2016}, 
pages={1-5}, 
doi={10.1109/Dynamics.2016.7818968}, 
month={Nov},
}

@INPROCEEDINGS{Morocho2016Towards, 
author={D. Morocho and A. Morales and J. Fierrez and R. Vera-Rodriguez}, 
booktitle={IEEE International Conference on Identity, Security and Behavior Analysis (ISBA)}, 
title={Towards human-assisted signature recognition: Improving biometric systems through attribute-based recognition}, 
year={2016}, 
pages={1-6}, 
doi={10.1109/ISBA.2016.7477227}, 
month={Feb}}

@INPROCEEDINGS{Yan2015Multi, 
author={C. Yan and B. Zhang and F. Coenen}, 
booktitle={8th International Congress on Image and Signal Processing (CISP)}, 
title={Multi-attributes gait identification by convolutional neural networks}, 
year={2015}, 
pages={642-647}, 
doi={10.1109/CISP.2015.7407957}, 
month={Oct}}

@INPROCEEDINGS{Muramatsu2013Gait, 
author={D. Muramatsu and Y. Makihara and H. Iwama and T. Tanoue and Y. Yagi}, 
booktitle={2nd IAPR Asian Conference on Pattern Recognition}, 
title={Gait Verification System for Supporting Criminal Investigation}, 
year={2013}, 
pages={747-748}, 
doi={10.1109/ACPR.2013.195}, 
ISSN={0730-6512}, 
month={Nov}}

@ARTICLE{Mondal2017Person, 
author={S. Mondal and P. Bours}, 
journal={IEEE Transactions on Information Forensics and Security}, 
title={Person Identification by Keystroke Dynamics using Pairwise User Coupling}, 
year={2017}, 
volume={PP}, 
number={99}, 
pages={1-1}, 
doi={10.1109/TIFS.2017.2658539}, 
ISSN={1556-6013}}

@INPROCEEDINGS{Al-Kaltakchi2016Study, 
author={Musab T. S. Al-Kaltakchi and W. L. Woo and S. S. Dlay and J. A. Chambers}, 
booktitle={IEEE Statistical Signal Processing Workshop (SSP)}, 
title={Study of statistical robust closed set speaker identification with feature and score-based fusion}, 
year={2016}, 
pages={1-5}, 
doi={10.1109/SSP.2016.7551807}, 
month={June}
}

@article{larcher2014text,
  title={Text-dependent speaker verification: Classifiers, databases and RSR2015},
  author={Larcher, Anthony and Lee, Kong Aik and Ma, Bin and Li, Haizhou},
  journal={Speech Communication},
  volume={60},
  pages={56--77},
  year={2014},
  publisher={Elsevier}
}

@INPROCEEDINGS{Heck1997Handset, 
author={L. P. Heck and M. Weintraub}, 
booktitle={IEEE International Conference on Acoustics, Speech, and Signal Processing}, 
title={Handset-dependent background models for robust text-independent speaker recognition}, 
year={1997}, 
volume={2}, 
pages={1071-1074 vol.2}, 
doi={10.1109/ICASSP.1997.596126}, 
ISSN={1520-6149}, 
month={Apr},}

@phdthesis{al2013biometric,
  title={Biometric face recognition using multilinear projection and artificial intelligence},
  author={Al-Shiha, Abeer A Mohamad},
  school={School of Electrical and Electronic Engineering, Newcastle University},
  year={2013},
  type = {{PhD} thesis}
}

@phdthesis{ahmad2013feature,
  title={Feature extraction and information fusion in face and palmprint multimodal biometrics},
  author={Ahmad, Muhammad Imran},
  school={School of Electrical and Electronic Engineering, Newcastle University},
  year={2013},
  type = {{PhD} thesis}
}

 @ARTICLE{ISO2012Information, 
 author={{ISO} and {IEC}}, 
 journal={International Standard {ISO}/{IEC} 2382-37}, 
 title={Information technology — Vocabulary — Part 37: Biometrics}, 
 year={2012(E)}, 
 pages={1-21}}

@INPROCEEDINGS{Amayeh2010AComparative, 
author={G. Amayeh and G. Bebis and M. Hussain}, 
booktitle={International Workshop on Emerging Techniques and Challenges for Hand-Based Biometrics}, 
title={A Comparative Study of Hand Recognition Systems}, 
year={2010}, 
pages={1-6}, 
doi={10.1109/ETCHB.2010.5559278}, 
month={Aug},}

@INPROCEEDINGS{Al-Kaltakchi2016StudyOfFusion, 
author={M. T. S. Al-Kaltakchi and W. L. Woo and S. S. Dlay and J. A. Chambers}, 
booktitle={4th International Conference on Biometrics and Forensics (IWBF)}, 
title={Study of fusion strategies and exploiting the combination of {MFCC} and {PNCC} features for robust biometric speaker identification}, 
year={2016}, 
pages={1-6}, 
doi={10.1109/IWBF.2016.7449685}, 
month={March}}

@ARTICLE{Prabhakar2003Biometric, 
author={S. Prabhakar and S. Pankanti and A. K. Jain}, 
journal={IEEE Security Privacy}, 
title={Biometric recognition: security and privacy concerns}, 
year={2003}, 
volume={1}, 
number={2}, 
pages={33-42}, 
doi={10.1109/MSECP.2003.1193209}, 
ISSN={1540-7993}, 
month={Mar}}

@article{al2014new,
  title={A New Approach to Predicting Physical Biometrics from Behavioural Biometrics},
  author={Al-Nima, Raid R.O. and Dlay, S.S. and Woo, W.L.},
  journal={World Academy of Science, Engineering and Technology, International Journal of Computer, Electrical, Automation, Control and Information Engineering},
  volume={8},
  number={11},
  pages={1996--2001},
  year={2014}
}

@book{jain2008handbook,
  title={Handbook of {B}iometrics},
  author={Jain, Anil and Flynn, Patrick and Ross, Arun A},
  year={2008},
  publisher={Springer Science+Business Media, LLC}
}

@INPROCEEDINGS{Zhai2011The, 
author={Lang Zhai and Qi Hu}, 
booktitle={2nd International Conference on Artificial Intelligence, Management Science and Electronic Commerce (AIMSEC)}, 
title={The research of double-biometric identification technology based on finger geometry \& palm print}, 
year={2011}, 
pages={3530-3533}}

@INPROCEEDINGS{Yu2009Decision, 
author={Pengfei Yu and Dan Xu and Hao Zhou and Haiyan Li}, 
booktitle={IEEE International Conference on Intelligent Computing and Intelligent Systems}, 
title={Decision fusion for hand biometric authentication}, 
year={2009}, 
volume={4}, 
pages={486-490}}

@book{maltoni2009handbook,
  title={Handbook of fingerprint recognition},
  author={Maltoni, Davide and Maio, Dario and Jain, Anil and Prabhakar, Salil},
  year={2009},
  publisher={Springer Science \& Business Media}
}

@misc{Ayat2017,
  title = {Ayat},
  howpublished = {\url{http://quran.ksu.edu.sa/index.php?l=ar#aya=46_15&m=hafs&qaree=husary&trans=en_sh}},
  note = {{A}ccessed: 2017-05-02}
}

@ARTICLE{Huang1975TheImportance, 
author={T. Huang and J. Burnett and A. Deczky}, 
journal={IEEE Transactions on Acoustics, Speech, and Signal Processing}, 
title={The importance of phase in image processing filters}, 
year={1975}, 
volume={23}, 
number={6}, 
pages={529-542}}

@ARTICLE{Oppenheim1981TheImportance, 
author={A. V. Oppenheim and J. S. Lim}, 
journal={Proceedings of the IEEE}, 
title={The importance of phase in signals}, 
year={1981}, 
volume={69}, 
number={5}, 
pages={529-541}}

@INPROCEEDINGS{hurley2000automatic, 
author={D. J. Hurley and M. S. Nixon and J. N. Carter}, 
booktitle={IEE Colloquium on Visual Biometrics (Ref.No. 2000/018)}, 
title={Automatic ear recognition by force field transformations}, 
year={2000}, 
pages={7/1-7/5}, 
doi={10.1049/ic:20000467}, 
month={},}

@inproceedings{cunado1997using,
  title={Using gait as a biometric, via phase-weighted magnitude spectra},
  author={Cunado, David and Nixon, Mark S and Carter, John N},
  booktitle={International Conference on Audio-and Video-Based Biometric Person Authentication},
  pages={93--102},
  year={1997},
  organization={Springer}
}

@article{abaza2013survey,
  title={A survey on ear biometrics},
  author={Abaza, Ayman and Ross, Arun and Hebert, Christina and Harrison, Mary Ann F and Nixon, Mark S},
  journal={{ACM} computing surveys ({CSUR})},
  volume={45},
  number={2},
  pages={22},
  year={2013},
  publisher={ACM}
}

@article{makihara2015gait,
  title={Gait recognition: Databases, representations, and applications},
  author={Makihara, Yasushi and Matovski, Darko S and Nixon, Mark S and Carter, John N and Yagi, Yasushi},
  journal={Wiley Encyclopedia of Electrical and Electronics Engineering},
  year={2015},
  publisher={Wiley Online Library}
}

@inproceedings{Al-Nima2017efficient,
  title={Efficient finger segmentation robust to hand alignment in imaging with application to human verification},
  author={Raid R.O. Al-Nima and Satnam S. Dlay and Wai L. Woo and Jonathon A. Chambers},
  booktitle={5th IEEE International Workshop on Biometrics and Forensics (IWBF)},
  pages={1--6},
  year={2017},
}

@article{Al-Nima2017finger,
  title={Finger texture biometric verification exploiting multi-scale sobel angles local binary pattern features and score-based fusion},
  author={Al-Nima, R.R.O. and Abdullah, M.A.M. and Al-Kaltakchi, M.T.S. and Dlay, S.S. and Woo, W.L. and Chambers, J.A.},
  journal={Elsevier, Digital Signal Processing},
  volume={70},
  pages={178--189},
  year={2017},
  publisher={Elsevier}
}

@article{simo2016learning,
  title={Learning to simplify: fully convolutional networks for rough sketch cleanup},
  author={Simo-Serra, Edgar and Iizuka, Satoshi and Sasaki, Kazuma and Ishikawa, Hiroshi},
  journal={ACM Transactions on Graphics (TOG)},
  volume={35},
  number={4},
  pages={121},
  year={2016},
  publisher={ACM}
}

@inproceedings{krizhevsky2012imagenet,
  title={Imagenet classification with deep convolutional neural networks},
  author={Krizhevsky, Alex and Sutskever, Ilya and Hinton, Geoffrey E},
  booktitle={Advances in neural information processing systems},
  pages={1097--1105},
  year={2012}
}

@article{wu2017introduction,
  title={Introduction to convolutional neural networks},
  author={Wu, Jianxin},
  journal={National Key Lab for Novel Software Technology. Nanjing University. China},
  year={2017}
}

@article{stutz2014neural,
  title={Neural Codes for Image Retrieval},
  author={Stutz, David},
  journal={Proceedings of the Computer Vision—ECCV},
  pages={584--599},
  year={2014}
}

@phdthesis{Al-Nima2017Signal,
  title={Signal Processing and Machine Learning Techniques for Human Verification Based on
Finger Textures},
  author={Raid Rafi Omar Al-Nima},
  school={School of Engineering, Newcastle University},  
  year={2017},
  type = {{PhD} thesis}
  }

@article{beale1992neural,
  title={Neural Network Toolbox™ User's Guide},
  author={Beale, Mark Hudson and Hagan, Martin T and Demuth, Howard B},
  journal={The Mathworks Inc},
  year={1992}
}

 @book{Bishop2006Pattern,
  title={Pattern Recognition and Machine Learning},
  author={Bishop, C. M.},
  year={2006},
  publisher={Springer Science+Business Media, LLC, 233 Spring Street, New York, NY 10013, USA}
}

@INPROCEEDINGS{Garg2013AUnified, 
author={S. Garg and A. Kumar and M. Hanmandlu and S. Vasikarla}, 
booktitle={IEEE International Conference on Technologies for Homeland Security (HST)}, 
title={A unified authentication framework using finger nail plate biometric}, 
year={2013}, 
volume={}, 
number={}, 
pages={651-657}, 
doi={10.1109/THS.2013.6699081}
}

@inproceedings{stein2013video,
	title={Video-based fingerphoto recognition with anti-spoofing techniques with smartphone cameras},
	author={Stein, Chris and Bouatou, Vincent and Busch, Christoph},
	booktitle={Biometrics Special Interest Group (BIOSIG), 2013 International Conference of the},
	pages={1--12},
	year={2013},
	organization={IEEE}
}

@inproceedings{sankaran2015Onsmartphone,
	title={On smartphone camera based fingerphoto authentication},
	author={Sankaran, Anush and Malhotra, Aakarsh and Mittal, Apoorva and Vatsa, Mayank and Singh, Richa},
	booktitle={Biometrics Theory, Applications and Systems (BTAS), 2015 IEEE 7th International Conference on},
	pages={1--7},
	year={2015},
	organization={IEEE}
}

@article{malhotra2017fingerphoto,
	title={Fingerphoto Authentication Using Smartphone Camera Captured Under Varying Environmental Conditions},
	author={Malhotra, Aakarsh and Sankaran, Anush and Mittal, Apoorva and Vatsa, Mayank and Singh, Richa},
	journal={Human Recognition in Unconstrained Environments: Using Computer Vision, Pattern Recognition and Machine Learning Methods for Biometrics},
	pages={119},
	year={2017},
	publisher={Academic Press}
}

@incollection{dasgupta2017negative,
	title={Negative Authentication Systems},
	author={Dasgupta, Dipankar and Roy, Arunava and Nag, Abhijit},
	booktitle={Advances in User Authentication},
	pages={85--145},
	year={2017},
	publisher={Springer}
}

@misc{DatabasePolyUFKP,
	title = {{IIITD} {S}martPhone {F}ingerphoto {D}atabase v1 ({ISPFD}v1)},
	url = {http://iab-rubric.org/resources/spfd.html},
	type = {Online Database}
}

@INPROCEEDINGS{Zhang2010Hand, 
	author={Y. Zhang and D. Sun and Z. Qiu}, 
	booktitle={2010 International Workshop on Emerging Techniques and Challenges for Hand-Based Biometrics}, 
	title={Hand-Based Feature Level Fusion for Single Sample Biometrics Recognition}, 
	year={2010}, 
	volume={}, 
	number={}, 
	pages={1-4}}

@article{dantcheva2016else,
	title={What else does your biometric data reveal? A survey on soft biometrics},
	author={Dantcheva, Antitza and Elia, Petros and Ross, Arun},
	journal={IEEE Transactions on Information Forensics and Security},
	volume={11},
	number={3},
	pages={441--467},
	year={2016},
	publisher={IEEE}
}

@article{kumar2014biometric,
	title={Biometric authentication using finger nail plates},
	author={Kumar, Amioy and Garg, Shruti and Hanmandlu, Madasu},
	journal={Expert systems with applications},
	volume={41},
	number={2},
	pages={373--386},
	year={2014},
	publisher={Elsevier}
}

@misc{topping1998method,
	title={Method and apparatus for the automated identification of individuals by the nail beds of their fingernails},
	author={Topping, Allen and Kuperschmidt, Vladimir and Gormley, Austin},
	year={1998},
	month=may # "~12",
	publisher={Google Patents},
	note={US Patent 5,751,835}
}

@article{premakumari2016multimodal,
	title={Multimodal Biometric endorsement for secure Internet banking using Skin Spectroscopy, Knuckles texture and Finger nail recognition},
	author={Premakumari, LT and Jothi, AS},
	journal={International Research Journal of Engineering and Technology},
	volume={3},
	number={2},
	pages={1086--1090},
	year={2016}
}

@article{garg2014finger,
	title={Finger nail plate: A new biometric identifier},
	author={Garg, Shruti and Kumar, Amioy and Hanmandlu, M},
	journal={Proc in International Journal of Computer Information Systems and Industrial Management Applications},
	volume={6},
	pages={126--138},
	year={2014}
}

@inproceedings{garg2012biometric,
	title={Biometric authentication using finger nail surface},
	author={Garg, Strati and Kumar, Amioy and Hanmandlu, Madasu},
	booktitle={Intelligent Systems Design and Applications (ISDA), 2012 12th International Conference on},
	pages={497--502},
	year={2012},
	organization={IEEE}
}

@article{goudelis2008emerging,
	title={Emerging biometric modalities: a survey},
	author={Goudelis, Georgios and Tefas, Anastasios and Pitas, Ioannis},
	journal={Journal on Multimodal User Interfaces},
	volume={2},
	number={3-4},
	pages={217},
	year={2008},
	publisher={Springer}
}

@inproceedings{devi2015study,
	title={Study of nail unit using image processing methods},
	author={Devi, M Renuka and others},
	booktitle={Computer Communication and Informatics (ICCCI), 2015 International Conference on},
	pages={1--6},
	year={2015},
	organization={IEEE}
}

@article{bajpai2015automated,
	title={Automated Prediction System For Various Health Conditions By Analysing Human Palms And Nails Using Image Matching Technique},
	author={Bajpai, Nityash and Alawadhi, Rohit and Thakare, Anuradha and Avhad, Swati and Gandhat, Sneha},
	journal={medical science},
	volume={1},
	pages={2},
	year={2015}
}

@inproceedings{garg2013unified,
	title={A unified authentication framework using finger nail plate biometric},
	author={Garg, Shruti and Kumar, Amioy and Hanmandlu, Madasu and Vasikarla, Shantaram},
	booktitle={Technologies for Homeland Security (HST), 2013 IEEE International Conference on},
	pages={651--657},
	year={2013},
	organization={IEEE}
}

@inproceedings{easwaramoorthy2016biometric,
	title={Biometric Authentication using finger nails},
	author={Easwaramoorthy, Sathishkumar and Sophia, F and Prathik, A},
	booktitle={Emerging Trends in Engineering, Technology and Science (ICETETS), International Conference on},
	pages={1--6},
	year={2016},
	organization={IEEE}
}

@article{varadegraphical,
	title={GRAPHICAL CAPTCHA BASED BIOMETRIC AUTHENTICATION USING FINGER NAIL PLATE},
	author={Varade, Nikita and Keshatwar, Akshata and Dol, Akshaya and Birajdar, Parvati and Bachpalle, Shital},
	journal={EPRA International Journal of Research and Development (IJRD)},
	volume={2},
	number={3},
	pages={2017}
}

@article{raja9investigations,
	title={Investigations on Finger Nail Plates Authentication},
	author={Raja, S Pravinth and Umamaheswari, K and Soumiya, B and Kokila, B},
	journal={International Journal of Applied Engineering Research},
	volume={9},
	number={21},
	pages={2014}
}

@misc{topping2003automated,
	title={Automated identification through analysis of optical birefringence within nail beds},
	author={Topping, Allen WL and Kupershmidt, Vladimir and Gormley, Austin},
	year={2003},
	month=oct # "~7",
	publisher={Google Patents},
	note={US Patent 6,631,199}
}

@inproceedings{goudelis2005emerging,
	title={On emerging biometric technologies},
	author={Goudelis, Georgios and Tefas, Anastasios and Pitas, Ioannis},
	booktitle={Proc. of COST},
	volume={275},
	pages={71--74},
	year={2005}
}

@inproceedings{meshoul2010novel,
	title={A novel approach for online signature verification using fisher based probabilistic neural network},
	author={Meshoul, Souham and Batouche, Mohamed},
	booktitle={IEEE Symposium on Computers and Communications (ISCC)},
	pages={314--319},
	year={2010},
	organization={IEEE}
}

@Inbook{Abdullah2018Cross,
	author="Abdullah, Mohammed A. M. and Al-Nima, Raid R. and Dlay, Satnam S. and Woo, Wai L. and Chambers, Jonathon A.",
	editor="Karampelas, Panagiotis and Bourlai, Thirimachos",
	title="Cross-Spectral Iris Matching for Surveillance Applications",
	bookTitle="Surveillance in Action: Technologies for Civilian, Military and Cyber Surveillance",
	year="2018",
	publisher="Springer International Publishing",
	address="Cham",
	pages="105--125",
	isbn="978-3-319-68533-5",
	doi="10.1007/978-3-319-68533-5_5",
	url="https://doi.org/10.1007/978-3-319-68533-5_5"
}

@article{al2017evaluation,
	title={Evaluation of a speaker identification system with and without fusion using three databases in the presence of noise and handset effects},
	author={Al-Kaltakchi, Musab TS and Woo, Wai L and Dlay, Satnam and Chambers, Jonathon A},
	journal={EURASIP Journal on Advances in Signal Processing},
	volume={2017},
	number={1},
	pages={80},
	year={2017},
	publisher={Nature Publishing Group}
}

@article{al2018personal,
	title={Personal verification based on multi-spectral finger texture lighting images},
	author={Al-Nima, RRO and Al-Kaltakchi, MTS and Al-Sumaidaee, SAM and Dlay, SS and Woo, WL and Han, Tingting and Chambers, JA},
	journal={IET Signal Processing},
	year={2018},
	publisher={The Institution of Engineering and Technology}
}

@article{heikkila2009description,
	title={Description of interest regions with local binary patterns},
	author={Heikkil{\"a}, Marko and Pietik{\"a}inen, Matti and Schmid, Cordelia},
	journal={Pattern recognition},
	volume={42},
	number={3},
	pages={425--436},
	year={2009},
	publisher={Elsevier}
}

@inproceedings{fu2008centralized,
	title={Centralized binary patterns embedded with image euclidean distance for facial expression recognition},
	author={Fu, Xiaofeng and Wei, Wei},
	booktitle={Natural Computation, 2008. ICNC'08. Fourth International Conference on},
	volume={4},
	pages={115--119},
	year={2008},
	organization={IEEE}
}

@article{atrey2010multimodal,
	title={Multimodal fusion for multimedia analysis: a survey},
	author={Atrey, Pradeep K and Hossain, M Anwar and El Saddik, Abdulmotaleb and Kankanhalli, Mohan S},
	journal={Multimedia systems},
	volume={16},
	number={6},
	pages={345--379},
	year={2010},
	publisher={Springer}
}

@ARTICLE{Arulkumaran2017Deep, 
	author={K. Arulkumaran and M. P. Deisenroth and M. Brundage and A. A. Bharath}, 
	journal={IEEE Signal Processing Magazine}, 
	title={Deep Reinforcement Learning: A Brief Survey}, 
	year={2017}, 
	volume={34}, 
	number={6}, 
	pages={26-38}
}

@INPROCEEDINGS{Yun2017Action, 
	author={S. Yun and J. Choi and Y. Yoo and K. Yun and J. Y. Choi}, 
	booktitle={IEEE Conference on Computer Vision and Pattern Recognition (CVPR)}, 
	title={Action-Decision Networks for Visual Tracking with Deep Reinforcement Learning}, 
	year={2017}, 
	volume={}, 
	number={}, 
	pages={1349-1358}
}

@ARTICLE{Yun2018Action, 
	author={S. Yun and J. Choi and Y. Yoo and K. Yun and J. Y. Choi}, 
	journal={IEEE Transactions on Neural Networks and Learning Systems}, 
	title={Action-Driven Visual Object Tracking With Deep Reinforcement Learning}, 
	year={2018}, 
	volume={29}, 
	number={6}, 
	pages={2239-2252}
}

@article{mnih2015human,
	title={Human-level control through deep reinforcement learning},
	author={Mnih, Volodymyr and Kavukcuoglu, Koray and Silver, David and Rusu, Andrei and Veness, Joel and Bellemare, Marc and Graves, Alex and Riedmiller, Martin and Fidjeland, Andreas K and Ostrovski, Georg and others},
	journal={Nature},
	volume={518},
	number={7540},
	pages={529},
	year={2015},
	publisher={Nature Publishing Group}
}

@article{bojarski2016end,
	title={End to end learning for self-driving cars},
	author={Bojarski, Mariusz and Del Testa, Davide and Dworakowski, Daniel and Firner, Bernhard and Flepp, Beat and Goyal, Prasoon and Jackel, Lawrence D and Monfort, Mathew and Muller, Urs and Zhang, Jiakai and others},
	journal={arXiv preprint arXiv:1604.07316},
	year={2016}
}

@INPROCEEDINGS{George2016Real, 
	author={A. George and A. Routray}, 
	booktitle={International Conference on Signal Processing and Communications (SPCOM)}, 
	title={Real-time eye gaze direction classification using convolutional neural network}, 
	year={2016}, 
	volume={}, 
	number={}, 
	pages={1-5}
}

@INPROCEEDINGS{Karaduman2017Deep, 
	author={M. Karaduman and H. Eren}, 
	booktitle={International Conference on Computer Science and Engineering (UBMK)}, 
	title={Deep learning based traffic direction sign detection and determining driving style}, 
	year={2017}, 
	volume={}, 
	number={}, 
	pages={1046-1050}
}

@INPROCEEDINGS{Grigore2000Reinforcement, 
	author={O. Grigore and O. Grigore}, 
	booktitle={Proceedings 9th IEEE International Workshop on Robot and Human Interactive Communication.}, 
	title={Reinforcement learning neural network used in a tracking system controller}, 
	year={2000}, 
	volume={}, 
	number={}, 
	pages={69-73}
}

@INPROCEEDINGS{Cohen2010Reinforcement, 
	author={A. Cohen and V. Pavlovic}, 
	booktitle={20th International Conference on Pattern Recognition}, 
	title={Reinforcement Learning for Robust and Efficient Real-World Tracking}, 
	year={2010}, 
	volume={}, 
	number={}, 
	pages={2989-2992}
}

@INPROCEEDINGS{Liu2004Reinforcement, 
	author={Fang Liu and Jianbo Su}, 
	booktitle={Proceedings of the 17th International Conference on Pattern Recognition. ICPR 2004.}, 
	title={Reinforcement learning-based feature learning for object tracking}, 
	year={2004}, 
	volume={2}, 
	number={}, 
	pages={748-751}
}

@INPROCEEDINGS{Supancic2017Tracking, 
	author={J. Supan\v{c}i\v{c} and D. Ramanan}, 
	booktitle={2017 IEEE International Conference on Computer Vision (ICCV)}, 
	title={Tracking as Online Decision-Making: Learning a Policy from Streaming Videos with Reinforcement Learning}, 
	year={2017}, 
	volume={}, 
	number={}, 
	pages={322-331}
}

@INPROCEEDINGS{Jinlin2009Neurofuzzy, 
	author={X. Jinlin and Z. Weigong and G. Zongyang}, 
	booktitle={9th International Conference on Electronic Measurement Instruments}, 
	title={Neurofuzzy velocity tracking control with reinforcement learning}, 
	year={2009}, 
	volume={}, 
	number={}, 
	pages={3-465-3-468}
}

@INPROCEEDINGS{Sootla2013On, 
	author={A. Sootla and N. Strelkowa and D. Ernst and M. Barahona and G. Stan}, 
	booktitle={52nd IEEE Conference on Decision and Control}, 
	title={On periodic reference tracking using batch-mode reinforcement learning with application to gene regulatory network control}, 
	year={2013}, 
	volume={}, 
	number={}, 
	pages={4086-4091}
}

@INPROCEEDINGS{Hall2011Reinforcement, 
	author={J. Hall and C. E. Rasmussen and J. Maciejowski}, 
	booktitle={50th IEEE Conference on Decision and Control and European Control Conference}, 
	title={Reinforcement learning with reference tracking control in continuous state spaces}, 
	year={2011}, 
	volume={}, 
	number={}, 
	pages={6019-6024}
}

@ARTICLE{Wei2015Reinforcement, 
	author={C. Wei and Z. Zhang and W. Qiao and L. Qu}, 
	journal={IEEE Transactions on Industrial Electronics}, 
	title={Reinforcement-Learning-Based Intelligent Maximum Power Point Tracking Control for Wind Energy Conversion Systems}, 
	year={2015}, 
	volume={62}, 
	number={10}, 
	pages={6360-6370}
}

@INPROCEEDINGS{Perot2017End, 
	author={E. Perot and M. Jaritz and M. Toromanoff and R. d. Charette}, 
	booktitle={IEEE Conference on Computer Vision and Pattern Recognition Workshops}, 
	title={End-to-End Driving in a Realistic Racing Game with Deep Reinforcement Learning}, 
	year={2017}, 
	volume={}, 
	number={}, 
	pages={474-475}
}

@INPROCEEDINGS{Ros2016TheSYNTHIA, 
	author={G. Ros and L. Sellart and J. Materzynska and D. Vazquez and A. M. Lopez}, 
	booktitle={IEEE Conference on Computer Vision and Pattern Recognition (CVPR)}, 
	title={The SYNTHIA Dataset: A Large Collection of Synthetic Images for Semantic Segmentation of Urban Scenes}, 
	year={2016}, 
	volume={}, 
	number={}, 
	pages={3234-3243}
}

@article{kingma2014adam,
	title={Adam: A method for stochastic optimization},
	author={Kingma, Diederik P and Ba, Jimmy},
	journal={arXiv preprint arXiv:1412.6980},
	year={2014}
}

@article{saugirouglu2009intelligent,
	title={An intelligent face features generation system from fingerprints},
	author={SA{\u{G}}IRO{\u{G}}LU, {\c{S}}EREF and {\"O}ZKAYA, NECLA},
	journal={Turkish Journal of Electrical Engineering \& Computer Sciences},
	volume={17},
	number={2},
	pages={183--203},
	year={2009},
	publisher={The Scientific and Technological Research Council of Turkey}
}

@ARTICLE{Arulkumaran2017Deep, 
	author={K. Arulkumaran and M. P. Deisenroth and M. Brundage and A. A. Bharath}, 
	journal={IEEE Signal Processing Magazine}, 
	title={Deep Reinforcement Learning: A Brief Survey}, 
	year={2017}, 
	volume={34}, 
	number={6}, 
	pages={26-38}
}

@article{omar2018deep,
	title={Deep finger texture learning for verifying people},
	author={Omar, R. R. and Han, Tingting and Al-Sumaidaee, S. A. M. and Chen, Taolue},
	journal={IET Biometrics},
	publisher ={Institution of Engineering and Technology},
	issue = {1},   
	volume = {8},
	year = {2019},
	pages = {40-48(8)},
	doi={10.1049/iet-bmt.2018.5066},
	publisher={The Institution of Engineering and Technology}
}

@book{koren2001computer,
	title={Computer arithmetic algorithms},
	author={Koren, Israel},
	year={2001},
	publisher={AK Peters/CRC Press}
}

@article{arulkumaran2017brief,
	title={A brief survey of deep reinforcement learning},
	author={Arulkumaran, Kai and Deisenroth, Marc Peter and Brundage, Miles and Bharath, Anil Anthony},
	journal={arXiv preprint arXiv:1708.05866},
	year={2017}
}

@inproceedings{dev2017review,
	title={Review on finger vein feature extraction methods},
	author={Dev, Rahul and Khanam, Ruqaiya},
	booktitle={2017 International Conference on Computing, Communication and Automation (ICCCA)},
	pages={1209--1213},
	year={2017},
	organization={IEEE}
}

@INPROCEEDINGS{Sadik2017Asurvey, 
	author={M. A. {Sadik} and M. N. {Al-Berry} and M. {Roushdy}}, 
	booktitle={2017 Eighth International Conference on Intelligent Computing and Information Systems (ICICIS)}, 
	title={A survey on the finger knuckle prints biometrie}, 
	year={2017}, 
	volume={}, 
	number={}, 
	pages={197-204}, 
	doi={10.1109/INTELCIS.2017.8260036}, 
	ISSN={}, 
	month={Dec},}

@INPROCEEDINGS{Multimodal2013Ravi, 
	author={S. {Ravi} and D. P. {Mankame}}, 
	booktitle={2013 International Conference on Circuits, Power and Computing Technologies (ICCPCT)}, 
	title={Multimodal biometric approach using fingerprint, face and enhanced iris features recognition}, 
	year={2013}, 
	volume={}, 
	number={}, 
	pages={1143-1150}, 
	doi={10.1109/ICCPCT.2013.6528884}, 
	ISSN={}, 
	month={March},}

@article{kulkarni2012secure,
	title={Secure biometrics: Finger knuckle print},
	author={Kulkarni, SS and Rout, RD},
	journal={International Journal of Advanced Research in Computer and Communication Engineering},
	volume={1},
	number={10},
	year={2012}
}

@article{al2018finger,
	title={Finger Texture Verification Systems Based on multiple spectrum Lighting Sensors with Four Fusion Levels},
	author={Al-Kaltakchi, Musab T and Omar, Raid R and Abdullah, Hikmat N and Han, Tingting and Chambers, Jonathon A},
	journal={Iraqi Journal of Information \& Communications Technology},
	volume={1},
	number={3},
	pages={1--16},
	year={2018}
}

@misc{Efficient_LLBP,
	title = {Efficient {LLBP} ({L}ine {L}ocal {B}inary {P}attern)},
	howpublished = {\url{https://uk.mathworks.com/matlabcentral/fileexchange/50058-efficient-llbp-line-local-binary-pattern}},
}

@misc{gabor_filter,
	title = {{G}abor Feature Extraction},
	howpublished = {\url{https://uk.mathworks.com/matlabcentral/fileexchange/44630-gabor-feature-extraction}},
}

@misc{Haar_Wavelet,
	title = {{H}aar Wavelet Image Compression},
	howpublished = {\url{https://uk.mathworks.com/matlabcentral/fileexchange/57392-haar-wavelet-image-compression}},
}

@misc{Ridgelet_Transform,
	title = {{R}idgelet and {C}urvelet first generation Toolbox},
	howpublished = {\url{https://uk.mathworks.com/matlabcentral/fileexchange/31559-ridgelet-and-curvelet-first-generation-toolbox},
}

@misc{Radon_Transform,
title = {{D}etect Lines Using the {R}adon Transform},
howpublished = {\url{https://uk.mathworks.com/help/images/detect-lines-using-the-radon-transform.html},
}

@misc{SIFT_FeatureExtreaction,
title = {{SIFT} Feature Extreaction},
howpublished = {\url{https://uk.mathworks.com/matlabcentral/fileexchange/50319-sift-feature-extreaction},
}

@misc{PNN_MatlabCode,
title = {{PNN} Matlab Code},
howpublished = {\url{https://uk.mathworks.com/help/deeplearning/ref/newpnn.html},
}

@misc{Eigenvalues_Eigenvectors,
title = {{E}igenvalues and {E}igenvectors},
howpublished = {\url{https://uk.mathworks.com/help/matlab/ref/eig.html?searchHighlight=eigenvector&s_tid=doc_srchtitle},
}

@misc{NEURO_technology,
title = {{NEURO}technology},
howpublished = {\url{http://www.neurotechnology.com/}},
}

@article{Debayan2018matching,
title={Matching Fingerphotos to Slap Fingerprint Images},
author={Deb, Debayan and Chugh, Tarang and Engelsma, Joshua and Cao, Kai and Nain, Neeta and Kendall, Jake and Jain, Anil K},
journal={arXiv preprint arXiv:1804.08122},
year={2018}
}

@inproceedings{MAC2018contactless,
author={A. {MAC} and K. {Nguyen} and J. {Banks} and V. {Chandran}}, 
booktitle={2018 15th IEEE International Conference on Advanced Video and Signal Based Surveillance (AVSS)}, 
title={Contactless Multiple Finger Segments based Identity Verification using Information Fusion from Higher Order Spectral Invariants}, 
year={2018}, 
volume={}, 
number={}, 
pages={1-6}, 
doi={10.1109/AVSS.2018.8639153}, 
ISSN={}, 
month={Nov},}

@INPROCEEDINGS{Jahan2018Contactless, 
author={M. {Akmal-Jahan} and J. {Banks} and I. {Tomeo-Reyes} and V. {Chandran}}, 
booktitle={2018 25th IEEE International Conference on Image Processing (ICIP)}, 
title={Contactless Finger Recognition Using Invariants from Higher Order Spectra of Ridge Orientation Profiles}, 
year={2018}, 
volume={}, 
number={}, 
pages={2012-2016}, 
doi={10.1109/ICIP.2018.8451664}, 
ISSN={2381-8549}, 
month={Oct},}

@inproceedings{wasnik2018baseline,
title={Baseline Evaluation of Smartphone based Finger-photo Verification System: A Preliminary Study of Technology Readiness},
author={Wasnik, Pankaj and Stokkenes, Martin and Dunfjeld, Mihkal and Ramachandra, Raghavendra and Raja, Kiran and Busch, Christoph},
booktitle={Proceedings of the 11th Norwegian Information Security Conference},
year={2018}
}

@INPROCEEDINGS{Wasnik2018Improved, 
author={P. {Wasnik} and R. {Ramachandra} and M. {Stokkenes} and K. {Raja} and C. {Busch}}, 
booktitle={2018 International Conference of the Biometrics Special Interest Group (BIOSIG)}, 
title={Improved Fingerphoto Verification System Using Multi-scale Second Order Local Structures}, 
year={2018}, 
volume={}, 
number={}, 
pages={1-5}, 
doi={10.23919/BIOSIG.2018.8553577}, 
ISSN={1617-5468}, 
month={Sep.}
}

@inproceedings{gomez2018towards,
title={Towards fingerprint presentation attack detection based on short wave infrared imaging and spectral signatures},
author={Gomez-Barrero, Marta and Kolberg, Jascha and Busch, Christoph},
booktitle={proceedings Norwegian Information Security Conference (NISK), Svalbard, Norway},
year={2018}
}

@inproceedings{weissenfeld2018contactless,
title={Contactless finger and face capturing on a secure handheld embedded device},
author={Weissenfeld, Axel and Strobl, Bernhard and Daubner, Franz},
booktitle={2018 Design, Automation \& Test in Europe Conference \& Exhibition (DATE)},
pages={1321--1326},
year={2018},
organization={IEEE}
}

@INPROCEEDINGS{Chopra2018Unconstrained, 
author={S. {Chopra} and A. {Malhotra} and M. {Vatsa} and R. {Singh}}, 
booktitle={2018 IEEE/CVF Conference on Computer Vision and Pattern Recognition Workshops (CVPRW)}, 
title={Unconstrained Fingerphoto Database}, 
year={2018}, 
volume={}, 
number={}, 
pages={630-6308}, 
doi={10.1109/CVPRW.2018.00093}, 
ISSN={2160-7516}, 
month={June},}

@ARTICLE{Badrinarayanan2017SegNet, 
author={V. {Badrinarayanan} and A. {Kendall} and R. {Cipolla}}, 
journal={IEEE Transactions on Pattern Analysis and Machine Intelligence}, 
title={SegNet: A Deep Convolutional Encoder-Decoder Architecture for Image Segmentation}, 
year={2017}, 
volume={39}, 
number={12}, 
pages={2481-2495}, 
doi={10.1109/TPAMI.2016.2644615}, 
ISSN={0162-8828}, 
month={Dec},}

@INPROCEEDINGS{He2016Deep, 
author={K. {He} and X. {Zhang} and S. {Ren} and J. {Sun}}, 
booktitle={2016 IEEE Conference on Computer Vision and Pattern Recognition (CVPR)}, 
title={Deep Residual Learning for Image Recognition}, 
year={2016}, 
volume={}, 
number={}, 
pages={770-778}, 
doi={10.1109/CVPR.2016.90}, 
ISSN={1063-6919}, 
month={June},}